2776 4784
471 366 522 386 -
573 320 646 422 577
698 313 754 428 ··³·.

92 529 126 578 et
144 527 334 598 prosecutus
362 527 412 574 est
432 511 480 574 his
503 511 607 576 verbis
633 511 741 574 dicens
763 513 952 578 sententiam
974 463 1125 598 [Pilutus]¹

91 633 246 698 sdversus
264 632 391 697 lesum:
418 631 529 694 Genus
551 645 642 694 tonas
663 631 881 716 comprobavit
902 648 936 696 te
954 647 990 696 ut
1010 653 1124 720 regern.

92 823 300 846 a*

33 995 38 1004 ·
85 962 216 1040 βήματοτ
237 963 268 1021 ἓν
285 961 325 1034 τό
347 959 458 1037 piritu
482 963 669 1042 redimunt
694 962 943 1038 spississimum
959 965 991 1022 sd
1014 966 1126 1040 rrlp'dss

86 1051 149 1108 nt.
179 1052 251 1130 ¹Pure
272 1051 358 1122 hujus
383 1068 460 1133 areae
481 1053 620 1122 lapidibus
638 1064 696 1108 eret
711 1063 861 1114 constrata,
885 1055 980 1124 ibique
1003 1067 1031 1110 et
1057 1075 1126 1112 oon-

85 1141 192 1193 slstorii
205 1139 286 1192 loous
303 1148 329 1191 et
345 1135 475 1192 tribunal.
507 1135 573 1196 vid.
591 1136 706 1192 Grotius
727 1136 760 1190 ud
777 1135 876 1191 Massi.
892 1137 1021 1202 XXVII,
1039 1159 1082 1210 ²7·
1097 1154 1126 1198 et

87 1215 225 1278 Krebriue
247 1226 278 1278 iu
301 1218 436 1278 Obserrv.
462 1225 595 1292 pag-159.
643 1225 807 1290 interpretes
828 1221 917 1276 Latini
938 1222 1052 1282 fortusse
1074 1229 1127 1282 ills

87 1311 247 1376 ignorantes
263 1305 379 1362 liberius
395 1319 424 1362 et
439 1309 532 1362 minus
552 1320 676 1362 accurate
691 1309 786 1362 locum
802 1311 1007 1366 transtulerunt.
1045 1312 1126 1368 Cottl·
1206 1339 1209 1346 ·

87 1396 249 1447 varietatem
271 1394 422 1460 scripturae
445 1396 476 1447 in
499 1392 576 1446 codd.
594 1391 654 1447 Lat.
687 1392 773 1446 Plura
789 1392 823 1446 de
842 1385 913 1449 velis
927 1395 1049 1461 judicum
1067 1396 1126 1452 Go-

85 1477 233 1532 tholredus
248 1475 398 1534 comment.
415 1476 450 1531 sd
468 1473 536 1532 Cod.
554 1478 693 1534 Theodos.
714 1476 764 1530 lib·
782 1475 804 1531 1.
820 1481 862 1532 ris.
881 1479 947 1533 Vll.
968 1481 1010 1536 etl.
1027 1483 1126 1538 llitter.

76 1545 174 1618 *foru-
193 1565 216 1616 1.
240 1577 268 1632 p.
286 1557 330 1613 45.
366 1559 481 1615 Grotius
505 1559 539 1615 ad
561 1559 660 1616 Mettis.
676 1561 871 1630 xxvit,19.
911 1563 1069 1620 Brissonius
1090 1567 1125 1622 de

84 1647 236 1702 verborum
259 1643 350 1714 argnti,
379 1645 463 1701 Tum.
480 1647 521 1702 11.
542 1663 570 1715 p.
589 1646 664 1701 1340.
686 1657 714 1701 et
738 1646 859 1716 cangius
878 1651 910 1702 iu
938 1647 1025 1706 Gton
1050 1651 1125 1706 rned.

85 1729 428 1789 ermfim.1.·mn.s.v.
455 1731 543 1782 velum
569 1743 596 1786 et
616 1735 647 1786 in
672 1729 764 1788 Gloss.
791 1731 841 1788 Gr·
862 1751 884 1786 s.
901 1749 930 1787 r.
957 1732 1053 1802 sparsis
1076 1728 1125 1788 τοῦ

85 1812 185 1888 βὴὶοι.
205 1841 240 1886 -7
273 1809 312 1868 el
328 1811 556 1883 ἐκαθίζετο.)
573 1816 651 1870 Mon.
667 1816 704 1871 A.
721 1829 748 1871 et
765 1817 797 1871 B.
814 1811 846 1870 οὗ
863 1815 1018 1879 ἐκαθέζετο.
1053 1820 1124 1878 Ssu-

85 1908 203 1966 tentiam
217 1915 325 1971 semper
341 1917 358 1954 s
373 1900 465 1969 judice
480 1899 589 1956 sedente
606 1917 662 1970 esse
678 1904 882 1970 pronuntistam
903 1901 982 1958 docet
1002 1903 1123 1962 l’ollstus

84 1991 152 2044 Lc.
171 2005 197 2056 p.
214 1989 258 2056 49.
283 1995 311 2040 et
333 1985 392 2040 ⁵33.
424 2011 459 2022 -
492 1989 550 2038 sul
574 1978 686 2040 oileus
709 1981 924 2056 αόττφὴνατο
948 1988 1042 2042 κατὰ
1064 1984 1125 2043 τοῦ

85 2067 202 2140 Ἰησοῦ
209 2069 226 2138 ·)
250 2071 329 2126 Moti.
345 2068 378 2122 Δ.
397 2073 444 2123 stul
460 2061 622 2138 αόττφὴνατο
639 2066 724 2142 λέγων
742 2067 781 2138 τῷ
797 2065 895 2139 Ἰησοῦ.
925 2071 1005 2127 Mon.
1018 2073 1053 2128 B.
1076 2078 1125 2126 sul

86 2154 162 2228 λέγοι
180 2151 219 2224 τῷ
236 2149 332 2224 Ἰησοῦ.
367 2153 517 2224 Sequentia
534 2154 615 2208 verbs
639 2148 782 2224 αἰτόφασιτ
805 2151 930 2211 Πιλάτου
949 2169 1023 2214 recte
1039 2161 1126 2214 omis·

86 2262 118 2298 ss
134 2255 201 2296 sunt
219 2245 250 2298 in
266 2239 345 2294 Mon.
358 2237 393 2298 A.
414 2250 443 2292 et
458 2238 488 2295 B.
505 2251 532 2294 et
549 2250 690 2310 propterea
706 2243 887 2296 semicirculis
906 2243 1020 2298 incluse.
1056 2243 1125 2298 ver-

84 2329 157 2384 bum
175 2319 384 2394 ἐπιφαίνεσθαι
406 2328 515 2392 saepius
538 2323 572 2378 de
587 2325 680 2394 judice
695 2315 855 2380 sentustlaro
873 2333 1069 2397 pronuntient·
1084 2331 1126 2386 le-

85 2418 175 2482 gitur.
209 2406 256 2464 Sic
271 2411 302 2462 in
318 2409 454 2476 Mastysio
471 2411 571 2480 lgnstii
593 2427 619 2462 c.
638 2426 664 2462 a.
685 2405 819 2476 Tpu's'svds
835 2403 1009 2478 ι’πτφὴνατο·
1030 2407 1126 2482 Ἰγνά-

86 2515 151 2551 τιον
166 2487 371 2564 τροιιτοίξομεν
385 2521 418 2532 -
436 2489 545 2562 δέσμιον
565 2489 619 2547 s‘rrd
639 2490 811 2563 στρατιωτῶν
834 2487 981 2563 γινόμενον
1003 2491 1125 2566 ἄγεσθαι

91 2577 173 2651 παρὰ
196 2575 247 2647 τὴν
269 2572 397 2648 μεγάλην
411 2573 519 2646 Ῥώμην
538 2575 641 2649 pipulum·
662 2573 844 2647 γενησόμενον
868 2579 979 2652 θηρίων
1002 2575 1039 2634 as's
1063 2583 1125 2649 slu-

91 2655 147 2737 ψιν
157 2659 208 2719 'sod
224 2658 322 2732 δῆμον.
357 2663 424 2716 lnde
442 2657 583 2734 α’πόφαοιτ
599 2663 762 2714 sententium
777 2673 855 2717 notet
871 2675 898 2718 et
914 2665 1065 2717 sententias
1082 2665 1128 2718 ds'-

89 2747 216 2804 ctionem.
252 2748 421 2815 Hesychius:
440 2742 599 2816 οἰπὸφαοιτ,
626 2748 725 2814 κρίσις,
751 2743 859 2817 ψῆφοι,
885 2743 955 2816 δίκη.
989 2749 1127 2804 Pseudo·

84 2841 215 2916 lgnstins
239 2838 271 2888 lu
295 2851 339 2904 ep·
362 2836 395 2890 sd
416 2833 571 2893 Trallianos
590 2834 754 2902 interpolata
777 2852 837 2903 csp.
859 2835 912 2888 tx.
946 2827 990 2906 Τῇ
1005 2831 1052 2887 οὖν
1068 2853 1127 2888 τια-

84 2917 209 2996 punctos}
227 2922 306 2991 τρίτῃ
325 2913 383 2990 ὥρᾳ
398 2913 543 2986 α’πόᾳαοιν
560 2913 672 2980 ἐδέξατο
686 2915 763 2986 παρὰ
779 2916 826 2972 τοῦ
839 2914 974 2972 rtatim.
1005 2917 1125 2975 Basilius

84 3013 200 3068 Sdeuc.
226 3005 303 3063 Oret.
324 3004 361 3058 Π.
386 3005 420 3059 tle
436 3003 559 3058 Adrano:
588 2999 623 3056 ἸΙ
637 3003 690 3071 μὲν
708 2996 850 3070 α’πὸφασιο
867 2997 937 3054 κατὰ
959 2998 1009 3054 τοῦ
1026 3023 1126 3072 φαινο-

84 3099 172 3166 μένου
185 3089 274 3160 dorus
291 3091 414 3159 φέρεται.
449 3087 532 3159 Quod
550 3087 583 3143 ad
599 3105 657 3143 rem
673 3093 761 3158 ipsam
778 3092 889 3152 attinet,
907 3087 1003 3153 plures
1017 3087 1126 3142 dubite-

84 3192 171 3242 suut,
197 3187 294 3230 utrum
315 3173 421 3229 Pilatus
444 3172 585 3227 Christum
605 3175 747 3228 dumtaxat
764 3171 875 3226 Judneis
894 3175 1063 3240 permiserit,
1090 3192 1126 3227 su

83 3267 191 3338 judicis
208 3275 286 3316 auore
302 3261 477 3314 damnaverit.
510 3255 648 3328 Ambigue
665 3262 791 3328 loquitur
805 3259 995 3312 Tertullianus
1008 3259 1127 3328 Apolog.

85 3373 113 3408 c.
131 3369 177 3404 τι.
203 3367 231 3418 p.
249 3365 309 3415 2⁰7·
342 3345 385 3400 ed.
410 3346 589 3413 Heveroamp.
609 3345 771 3398 ⁴luctamine
790 3356 882 3397 autem
898 3343 1030 3410 prolatam
1047 3363 1062 3398 a
1079 3343 1127 3398 l‘i·

84 3441 145 3494 lato
167 3437 328 3490 sententium
352 3429 452 3484 diserte
476 3443 557 3500 neget
582 3431 702 3484 lustitut.
720 3427 770 3483 lib.
788 3429 839 3483 IV.
856 3447 880 3482 o.
901 3428 941 3482 18.
961 3445 988 3498 p.
1006 3427 1066 3482 506.
1084 3429 1126 3482 ed.

83 3524 225 3580 Bnenern.
260 3515 393 3572 Similiter
414 3527 442 3569 et
459 3513 671 3584 chrysostomus
688 3518 774 3568 sensit
794 3511 926 3568 Oratione
943 3513 979 3566 11.
998 3513 1031 3564 da
1046 3513 1127 3568 Blas-

87 3623 228 3676 mosynu.,
247 3599 302 3655 Sed
318 3605 486 3656 contrarium
502 3604 589 3656 multe
611 3612 769 3668 argumenta
794 3602 923 3653 evincunt
939 3613 955 3650 ι
973 3595 1071 3652 Grotio
1091 3599 1126 3653 sd

88 3692 192 3748 Mstsh.
215 3689 351 3754 XXVll,
372 3686 414 3746 26.
439 3691 574 3755 exposito.
623 3685 770 3740 Censemus
795 3688 881 3754 igitur
904 3683 1037 3747 Pilatum,
1062 3701 1126 3740 curn

85 3779 173 3834 Jesue
197 3775 305 3828 tabellis
327 3771 446 3826 diremtis
467 3773 608 3826 damnatus
626 3781 709 3836 esset,
734 3787 796 3822 rere
812 3771 985 3831 sententium,
1007 3771 1050 3820 uti
1064 3785 1126 3822 mos

85 3874 180 3925 esset,
204 3855 301 3914 Latino
317 3859 412 3926 lingna
435 3873 594 3926 expressam
616 3855 650 3908 de
670 3853 770 3909 tubelle
795 3857 927 3906 recitasse.
961 3852 1040 3906 Conl-
1059 3852 1127 3905 l'ol-
1206 3845 1209 3853 ’

61 3949 164 4004 ‘letus
179 3950 209 3999 irt
227 3946 349 4000 Historia
373 3942 427 3996 lori
451 3943 566 3996 liornaui
590 3956 618 4009 p.
637 3940 696 4008 529.
711 3956 770 4008 sqq·
795 3949 823 3992 et
845 3937 1003 3992 Eclthatdus
1021 3935 1054 3990 ds
1070 3937 1126 3990 lin·

80 4053 161 4110 gun,
179 4052 235 4104 qua
253 4048 319 4086 usus
335 4039 377 4083 est
389 4028 496 4082 Pilutus
511 4029 542 4080 in
555 4027 573 4082 J
575 4041 621 4080 eeu
634 4023 875 4089 condemnatione,
891 4025 921 4076 in
934 4019 1126 4078 lillscsllleneis

132 4135 202 4190 Cusl.
221 4129 378 4204 Apscrypls.
407 4127 466 4184 Vol.
478 4133 503 4182 1.
774 4107 835 4220 9⁰
