2786 4774
491 429 544 452 .-
593 415 643 490 77
694 429 746 452 .-

5 561 7 634 Ι
90 589 118 641 et
127 579 298 642 Dominam
315 581 449 644 Mariam
457 579 591 660 offendit,
605 601 680 664 qnos
687 583 782 648 ueteri
796 599 902 646 omnes
913 559 1138 664 fugadeseaue·

90 709 169 778 mnt3
190 709 225 758 et
238 701 387 780 quoniam
403 703 490 764 Here
505 705 637 764 Domina
643 706 742 766 Mnma
760 701 878 765 leverat
891 703 995 764 fascius
1008 703 1138 764 Domini

92 817 217 894 Christi,
241 787 358 898 easque¹
367 817 400 881 in
413 821 512 899 tigillo
522 823 734 902 suspenderat,
762 841 843 902 puer
855 823 913 882 iste
927 821 1138 882 daemoniacus

90 959 176 998 unam
191 935 310 996 henim
322 937 485 1000 fasciarum
499 939 647 1016 detraxit,
667 961 797 1022 eamque
803 939 900 1020 cupiti
914 959 970 1000 suo
983 940 1136 1020 imposuit,

91 1058 248 1134 statimque
271 1055 438 1118 daemones
461 1077 502 1118 ex
522 1077 577 1120 oro
596 1057 693 1140 ipsius
713 1059 833 1142 egredi,
861 1069 893 1120 et
912 1079 1079 1120 corvorum
1101 1079 1137 1118 ae

90 1183 265 1255 serpentum
280 1173 379 1252 figura
392 1175 502 1255 fugere
518 1185 695 1258 coeperunt.
714 1179 766 1242 Ex
779 1187 920 1258 tempore
930 1177 1024 1258 igitur
1036 1177 1137 1260 impe-

91 1297 133 1356 rio
143 1293 276 1354 Domini
292 1291 407 1354 Christi
423 1302 542 1354 sanutus
557 1305 603 1357 cst
616 1317 712 1377 puer,
741 1307 774 1360 et
792 1297 943 1376 Domino,
970 1285 1022 1378 qui
1035 1297 1137 1378 ipsum

97 1422 261 1487 sanaverat,
283 1408 390 1473 laudea
405 1431 513 1506 cauere
526 1421 556 1474 ct
568 1415 677 1493 gratias
692 1437 781 1497 agere
795 1417 905 1498 coepit.
949 1415 1052 1493 Quem
1066 1433 1136 1476 cum

98 1533 200 1590 amiati
215 1531 370 1611 pristinae
383 1531 558 1592 restitutum
579 1543 667 1614 pater
687 1547 842 1614 carrera,
870 1534 997 1612 Mitti,
1026 1535 1136 1614 iuquit,

95 1649 160 1730 quid
172 1651 231 1710 tibi
245 1648 381 1712 accidit?
400 1657 431 1708 et
445 1651 635 1729 quaeratione
649 1664 769 1716 sanetus
782 1655 838 1715 es'?
852 1654 1023 1736 Respondit
1036 1653 1134 1714 filius:

96 1769 163 1829 eum
177 1769 332 1848 agitarent
349 1787 400 1828 me
414 1767 591 1844 daemones,
612 1771 645 1830 in
658 1775 868 1834 nosocomium
882 1774 955 1848 abii,
968 1773 1072 1852 ibique
1085 1773 1135 1832 ie-

93 1889 196 1946 mimm
209 1885 317 1944 decori
332 1885 437 1944 vultus
451 1905 520 1945 cum
534 1905 633 1967 puero
646 1887 768 1966 inveni,
790 1889 875 1969 cujus
888 1891 941 1952 illa
955 1890 1059 1950 fascius
1081 1909 1134 1950 re-

90 2027 156 2064 eens
165 2006 245 2064 lotas
259 2005 295 2063 in
306 2003 407 2082 tigillo
420 2004 619 2084 suspenderat
627 2025 636 2082 ;
658 2003 768 2068 harum
782 2029 874 2070 unam
888 2009 1045 2089 dereptam
1060 2007 1135 2068 dum

91 2126 175 2204 capiti
202 2143 276 2183 meo
308 2123 456 2202 impono,
486 2121 680 2204 reliquerunt
707 2147 758 2188 me
794 2127 955 2188 daemones
982 2135 1013 2186 et
1045 2127 1134 2207 fuge·

88 2253 165 2304 mm
210 2239 1223 2326 Gmfflommmmpun,Mssffl‚m,mnmmm1n‘³

88 2360 134 2421 hic
164 2383 243 2441 puer
273 2363 313 2420 sit
341 2359 424 2420 filius
446 2361 506 2420 Dei
529 2359 611 2434 vivi,
651 2361 704 2441 qui
732 2363 833 2422 coelos
860 2373 892 2423 et
911 2373 1025 2424 terram
1047 2383 1134 2422 crea·-

88 2482 151 2553 rit3
185 2479 367 2555 simulatque
396 2475 479 2536 enim
506 2473 545 2534 ad
572 2496 628 2536 nos
658 2481 795 2555 transiit,
833 2481 963 2542 fructum
992 2491 1038 2540 est
1062 2479 1134 2540 ido-

92 2597 173 2670 lum,
207 2595 442 2674 cecideruntque
472 2601 579 2658 meets
605 2594 746 2674 umuirra,
783 2605 815 2656 et
840 2617 859 2658 s
885 2598 921 2660 ri
940 2597 1057 2678 majore
1078 2598 1134 2659 de-

97 2719 211 2771 structa
236 2722 308 2774 sunt·

483 3082 604 3160 CAP.
639 3087 738 3164 XII.

167 3303 232 3365 Hie
253 3303 380 3384 impleta
406 3313 453 3365 est
472 3305 648 3386 prophetia,
685 3329 761 3387 quae
789 3309 877 3372 dicit:
914 3311 966 3372 Ex
987 3309 1131 3391 Aegypto

6 3405 7 3498 i
82 3423 192 3483 vocavi
206 3421 308 3482 filium
324 3443 437 3484 meum.
478 3423 646 3506 Iosephum
667 3447 745 3488 vero
768 3438 799 3489 et
813 3432 959 3506 Mariam,
979 3429 1133 3492 eumido-
1220 3445 1224 3454 ·

80 3544 147 3602 lum
160 3541 242 3602 illud
256 3541 408 3602 corruisse
422 3551 454 3602 et
464 3545 590 3623 periisse
604 3545 760 3625 audirent,
787 3557 891 3610 terror
907 3559 938 3610 et
951 3559 1068 3610 memor
1081 3553 1131 3612 in-

6 3681 7 3723 }
80 3663 170 3736 rasit,
190 3659 270 3720 adeo
284 3669 320 3720 ut
334 3659 487 3724 dicerent:
507 3684 578 3724 cum
594 3685 725 3726 essemus
738 3667 771 3727 in
786 3677 868 3730 terra
882 3669 1013 3746 Israiilis,
1026 3673 1131 3730 Hero-
1198 3703 1203 3712 =

7 3835 8 3840 ,
81 3779 137 3838 des
156 3781 264 3840 destun
287 3777 465 3840 interficere
483 3783 601 3860 voluit,
630 3794 662 3846 et
684 3796 849 3866 propterea
871 3808 976 3850 omnes
998 3789 1131 3852 irrfautes

80 3897 275 3960 Bethlehemi
289 3897 416 3977 ejusque
433 3899 560 3962 viciniae
577 3903 704 3980 occidit,
725 3925 824 3986 neque
839 3906 965 3968 dubium
980 3918 1033 3983 ost,
1056 3909 1129 3986 quin

80 4017 243 4100 Aegyptii,
271 4016 298 4078 si
321 4015 441 4077 idolum
459 4015 520 4081 hoo
537 4021 669 4085 uanum
683 4025 837 4092 corruisse
852 4027 1041 4104 audiverint,
1072 4047 1129 4088 nos

80 4135 147 4214 igue
166 4139 231 4202 sint
245 4137 426 4200 crematuri.
