2786 4774
362 491 365 498 ι
484 409 535 430 -
585 387 636 466 79
686 407 736 438 ,-

295 551 297 560 '
386 575 394 590 ⁴
469 555 590 630 Car.
622 555 749 633 xl11.

156 711 246 772 Hinc
275 727 350 790 ergo
381 693 511 790 digressi
531 711 573 772 sd
594 711 724 776 latibula
742 711 895 772 lenonum
913 716 1131 789 pervenerunt,

84 831 129 912 qni
140 839 379 910 praetereuntes
392 831 528 892 viatores
541 831 665 891 sarcinis
679 827 773 892 modo
786 837 817 890 st
832 825 965 888 vestibus
979 828 1132 906 exspolia-

86 958 200 1023 emus,
231 967 349 1026 eosque
369 949 491 1010 vinctos
512 948 670 1014 ducebant
712 945 889 1011 Audiebsnt
909 965 985 1005 vero
999 945 1132 1005 latrones

86 1067 128 1126 isti
151 1069 322 1146 strepitum
354 1067 529 1146 mgentem,
564 1067 661 1147 qualis
688 1087 755 1129 esse
775 1065 855 1127 solet
879 1064 1132 1144 strepitturegis,
1174 1111 1177 1118 .

87 1203 187 1262 magno
204 1204 278 1242 cum
291 1187 434 1248 exercitu
446 1195 478 1244 et
488 1187 623 1266 equitatu
635 1185 832 1246 reboantibus
842 1183 995 1266 tympanis
1006 1203 1046 1242 cx
1055 1182 1133 1244 urbs

89 1323 132 1362 sas
144 1301 351 1380 egredientis3
380 1325 439 1384 qua
452 1325 487 1364 re
501 1305 636 1384 perculsi
650 1305 757 1366 relicta
771 1306 855 1384 omni
870 1303 984 1383 praeda
997 1321 1133 1384 propere

93 1421 246 1500 bgiebant.
290 1427 458 1501 sergentes
478 1423 581 1502 itaque
603 1423 733 1504 captivi,
764 1426 848 1484 salter
868 1423 991 1484 alterius
1010 1421 1134 1484 vincola

93 1539 256 1620 solvebant,
279 1549 311 1600 et
323 1543 456 1621 receptis
473 1543 596 1602 sarcinis
614 1543 675 1603 suis
690 1543 849 1619 abeuntes,
879 1538 1133 1621 cnmJosephum

91 1659 258 1719 stuariam
269 1654 449 1722 accedentes
467 1659 626 1740 viderent,
646 1663 809 1742 rogabant:
838 1661 971 1723 Ubinam
991 1661 1132 1735 ills-rex,

92 1775 172 1853 enjus
192 1777 384 1838 adventantis
406 1780 575 1866 strepitum
591 1778 748 1840 audientes
769 1780 903 1856 latrones
923 1799 978 1838 nos
997 1779 1135 1856 relique-

91 1905 174 1972 runt,
195 1895 235 1953 ita
251 1904 286 1954 ut
300 1895 602 1974 energumenum?
622 1896 840 1980 Respondebat
853 1895 1018 1978 losephus:
1046 1897 1134 1958 Pons

93 2031 147 2072 nos
164 2014 274 2075 veniet

471 2195 608 2299 Gon..
628 2200 747 2277 XIV.
819 2133 821 2138 '
874 2202 877 2208 ’

174 2333 289 2395 Deinde
302 2338 335 2396 in
350 2337 438 2398 aliam
452 2337 561 2398 urbem
576 2347 745 2414 venerumt,
771 2335 824 2398 ubi
844 2335 957 2397 mulier
976 2344 1042 2394 erat
1059 2333 1133 2395 dae-

93 2452 237 2528 monum,
256 2473 361 2531 qnam,
383 2471 454 2511 cum
474 2461 568 2510 noctu
588 2454 750 2532 aliquando
771 2465 913 2532 aquatum
927 2454 1132 2531 processisset,

99 2568 218 2628 snm
234 2569 405 2632 maledictus
426 2579 459 2630 et
476 2569 600 2632 rebellis
614 2569 776 2631 insederat.
819 2572 904 2630 Haec
921 2589 1021 2648 neque
1035 2570 1133 2630 vesti-

104 2694 204 2744 menta
214 2689 281 2764 pati,
299 2711 402 2770 noque
416 2688 587 2749 insedibus
602 2688 716 2752 durare
730 2699 869 2770 poterat,
891 2699 922 2748 et
937 2690 1133 2768 quotiescun-

108 2821 167 2880 que
189 2808 284 2866 catenis
305 2809 393 2868 illam
421 2817 474 2866 aut
499 2808 573 2868 loris
597 2810 857 2890 constringerent,
895 2807 1039 2886 disruptis
1062 2807 1132 2882 illis,

99 2921 189 2998 nuda,
206 2925 235 2984 in
247 2927 314 2986 loos
328 2925 449 2984 deserta
464 2925 611 3006 fugiebat,
641 2927 802 3007 triviisqns
818 2935 848 2986 ot
863 2924 1064 3006 sepulchretis
1083 2925 1133 2986 in-

93 3043 194 3102 onem
214 3042 353 3108 homines
375 3041 527 3124 lapidibus
547 3047 728 3128 impetebat,
758 3048 801 3106 its
821 3054 857 3105 ut
875 3045 1057 3124 propinquis
1071 3045 1133 3104 suis

89 3181 208 3240 magnae
225 3165 386 3224 calamitati
402 3173 488 3224 esset.
522 3167 610 3228 Hanc
623 3166 716 3246 igitur
733 3165 903 3244 conspicata
915 3139 1052 3224 Domina
1063 3165 1134 3226 Ms-

26 3323 34 3365 p
85 3281 128 3340 ria
135 3327 144 3356 ,
171 3285 294 3344 miserta
316 3293 379 3358 est3
411 3291 443 3342 et
466 3285 624 3344 confestim
648 3284 810 3365 dereliquit
830 3305 897 3343 cam
912 3284 1034 3342 Satanas
1056 3292 1086 3342 et
1099 3284 1133 3344 in

84 3399 178 3460 forma
197 3401 321 3482 juvenis
341 3402 459 3480 fugiens
480 3401 569 3480 abiit,
601 3401 722 3466 dicem:
751 3403 818 3464 Vae
835 3400 910 3462 mihi
925 3423 943 3464 s
956 3412 1003 3478 te,
1023 3405 1131 3477 Maria,

82 3529 111 3578 et
121 3541 139 3578 a
150 3520 219 3581 filio
236 3523 308 3580 tuo!
331 3521 382 3580 Sic
396 3531 499 3580 sansts
516 3531 561 3582 est
575 3523 631 3582 ista
647 3525 789 3584 muliera
805 3521 940 3582 cruciatu
954 3493 1029 3598 sisso,¹
1053 3521 1133 3580 resi-

78 3640 256 3722 piscensque
281 3648 314 3700 ct
332 3651 464 3721 propter
489 3642 660 3703 nuditatem
689 3663 775 3704 snam
797 3641 977 3702 erubescens
1002 3639 1042 3700 ad
1061 3656 1132 3702 snos

77 3757 147 3820 abiit
152 3805 162 3836 ‚
193 3768 398 3840 conspectum
419 3758 580 3824 bominum
600 3763 746 3842 fugitans,
773 3752 938 3838 indutaque
950 3768 1050 3818 vestes
1065 3763 1133 3818 suas

75 3881 151 3956 patri
160 3890 192 3940 et
204 3879 391 3960 propinquis
406 3881 557 3942 rationem
566 3891 659 3941 status
673 3884 720 3942 sui
735 3881 895 3962 exposuit3
910 3879 972 3958 qui,
988 3877 1131 3958 quoniam

75 4017 111 4058 ex
125 3999 327 4079 optimatibus
339 3999 471 4058 civitatis
486 4009 581 4078 erasit,
596 4003 762 4062 Dominam
777 3997 907 4062 Mariam
921 4006 952 4057 et
963 3995 1132 4075 losephum

75 4135 179 4200 mgna
193 4139 267 4185 cum
281 4117 486 4180 veneratione
506 4118 639 4202 bospitio
659 4127 858 4204 exceperunt.
