2764 4774
647 396 700 424 ψ-
749 375 862 478 ΗΗΙ.
878 326 948 443 1,-

363 544 429 618 llic
465 525 620 617 contiuuo
653 533 816 628 subjicere
841 538 956 628 placet.
973 534 1175 613 motionem
1203 565 1336 629 corum,

279 671 364 740 quse
385 647 503 721 lnha'c
530 658 642 711 nestra
669 645 811 708 editione
836 655 960 708 mutate
984 659 1062 710 sunt
1090 658 1123 709 et
1151 645 1270 734 quibus
1293 671 1337 714 ea
1365 669 1366 676 ¹

191 813 195 828 ,
279 749 521 818 a-Welliniana
544 747 664 820 differt,
707 744 851 816 Primum
881 746 966 832 quod
994 746 1037 810 ad
1064 759 1189 813 textum
1209 747 1337 816 ſtrabi·
1365 791 1366 798 ι

279 877 357 922 curn
386 856 517 927 attinet,
551 849 754 916 doedaeintus
783 844 909 932 collega
936 845 1030 912 Aem.
1058 846 1241 936 Roediger‚
1277 855 1337 939 qui
1365 881 1366 886 ¹

279 969 394 1026 nostro
413 966 536 1040 rogatu
565 969 675 1016 cacam
702 969 848 1019 errorum
876 943 1143 1036 typotheticornm
1163 954 1337 1040 corrigen-

279 1060 396 1128 dorum
426 1064 630 1139 susceperat,
663 1052 789 1146 passim
810 1053 1001 1136 scripturam
1030 1051 1153 1119 codicis
1179 1057 1334 1121 restituit.

277 1160 411 1232 Etenim
434 1152 619 1234 walliam,
647 1151 725 1218 licet
745 1155 876 1218 omnino
898 1165 985 1226 recte
1003 1153 1182 1237 judicasset
1202 1158 1243 1224 de
1264 1179 1337 1225 ser-¹
1365 1197 1366 1200 ι

209 1283 212 1296 ’
282 1262 387 1328 monis
407 1255 558 1336 Arabici,
588 1275 652 1342 qno
672 1251 803 1328 libellus
825 1217 1024 1341 consdriptus
1046 1268 1112 1335 est,
1145 1260 1366 1346 impuritate¹

282 1365 384 1450 deque
408 1360 519 1427 naevis
540 1359 686 1456 ejusdem
709 1369 742 1421 et
763 1355 980 1436 soloecismis,
1008 1354 1118 1442 plures
1138 1372 1245 1428 tamen
1265 1364 1336 1430 lor·

280 1485 352 1536 uras
374 1465 410 1531 in
426 1460 540 1548 lingue
560 1449 687 1546 rorigeri
707 1461 842 1524 usitatas
861 1479 1029 1544 perperam
1050 1461 1167 1526 menda
1187 1484 1259 1532 esse
1280 1489 1335 1532 ar-

282 1565 428 1636 bitratns
440 1584 483 1628 ert
504 1575 598 1628 texta
624 1564 660 1626 in
688 1561 867 1645 marginem
896 1561 1055 1644 rejecerat
1082 1575 1115 1626 et
1136 1583 1334 1634 correxerat.

279 1669 355 1737 Has
380 1668 480 1754 igitur
510 1665 727 1740 correptiones
755 1659 894 1726 Wallini
924 1683 1010 1726 nnnc
1039 1665 1150 1726 textui
1168 1667 1334 1753 subjectas
1365 1709 1366 1744 ,

283 1771 375 1836 vides
402 1769 438 1833 in
467 1763 730 1830 adnotationibus
751 1765 843 1828 uncis
868 1759 1019 1838 iactuum
1049 1785 1112 1851 quo
1133 1768 1227 1854 signo
1249 1794 1332 1858 quoe

283 1870 500 1955 Boedigerum
521 1879 665 1932 nostrum
687 1876 851 1938 auctorem
873 1863 1013 1944 habent,
1043 1869 1178 1952 oprimi
1198 1873 1334 1942 editoris

281 1976 370 2043 notis
392 1971 547 2054 distingui
568 1964 739 2032 voluimus.
782 1963 941 2044 Deinde
930 1991 966 2037 ιιι
991 1983 1125 2036 externa
1142 1984 1255 2040 ternus
1262 1977 1332 2042 dis-

281 2078 443 2167 peritiore
466 2073 615 2157 capitum
627 2069 758 2154 quidem
786 2069 981 2136 divisionem
1003 2074 1212 2155 retinuimus,
1241 2098 1331 2144 conr-

279 2193 412 2258 mntum
426 2195 502 2240 vero
523 2193 583 2240 seu
603 2165 835 2238 versiculorum
854 2173 1073 2256 partitionem
1079 2190 1210 2296 propter
1228 2181 1334 2266 impe-

283 2283 413 2348 ritiores
432 2298 453 2340 a
475 2271 620 2342 Wellino
642 2271 758 2336 factam
780 2275 948 2338 omisimus
976 2277 1108 2362 ejusque
1131 2279 1225 2364 signa
1245 2281 1335 2346 dele-

283 2385 400 2450 vimus.
444 2375 606 2484 Nimirum
636 2386 747 2438 nostre
776 2386 881 2438 aetate
911 2377 966 2461 qui
992 2373 1171 2442 Historiam
1197 2378 1335 2468 Josephi

280 2485 423 2552 Αιιιιὶιο
443 2465 622 2576 legant,
600 2497 666 2542 non
689 2473 917 2543 desiderabunt
937 2474 1000 2542 hoc
1023 2481 1183 2544 versionis
1201 2481 1334 2550 facilius

283 2585 498 2654 conferendae
520 2555 709 2654 subsidium.
751 2575 901 2662 Denique
924 2589 1072 2648 notatum
1088 2577 1226 2648 Wallini
1244 2583 1335 2652 hunc

284 2688 457 2757 babuimus
476 2681 653 2760 delemurn,
675 2692 712 2744 ut
732 2680 869 2744 intactas
891 2701 951 2747 sno
967 2677 1049 2746 loco
1069 2679 1335 2770 relinqueremus,

283 2811 367 2882 qnae
387 2785 496 2852 verbis
518 2783 732 2869 loquendique
753 2779 901 2846 formulis
922 2778 1152 2848 illustrandis
1142 2790 1333 2874 inserviunt,
1365 2827 1366 2840 ι

283 2905 396 2959 contra
417 2906 654 2963 resecaremus,
682 2882 799 2970 quibus
824 2881 882 2950 ille
910 2904 1023 2948 recens
1044 2905 1087 2949 ex
1105 2887 1221 2951 itincre
1241 2888 1333 2956 Pari-

284 2994 385 3061 siensi
407 2990 608 3077 potissimum
630 2981 778 3063 fabulas,
801 2987 1046 3070 superstitiones
1069 2999 1101 3049 et
1113 2995 1333 3057 caeremonias

285 3093 443 3184 ecclesiae
470 3088 647 3154 Romanae·
671 3107 743 3151 cum
777 3082 940 3170 figmentis
970 3099 1003 3148 et
1029 3086 1194 3154 erroribus
1229 3095 1332 3158 nostri
1365 3157 1366 3174 ,

166 3247 170 3254 ‚
284 3197 424 3264 auctoris
452 3190 634 3276 composuit
668 3201 700 3252 et
729 3188 915 3271 exagitavit.
969 3185 1061 3252 Fecit
1089 3185 1152 3256 hoo
1182 3212 1225 3258 ex
1252 3216 1331 3260 suae

281 3300 398 3366 aetatis
419 3313 529 3370 more,
550 3287 675 3356 scilicet
695 3308 737 3353 ne
758 3287 833 3374 quid
849 3285 986 3374 periculi
1000 3287 1196 3359 redundaret
1212 3314 1253 3362 ex
1267 3298 1331 3362 isto

283 3397 398 3466 libello
421 3393 631 3462 interrorem
653 3393 759 3456 minus
780 3404 926 3482 cautum
955 3391 1041 3476 quod
1062 3391 1157 3459 nobis
1178 3417 1242 3460 non
1263 3418 1331 3462 me·

285 3501 438 3569 tuendum
459 3506 518 3561 est.
562 3492 734 3558 Praeterea
755 3489 819 3554 elia
838 3493 958 3576 passim
980 3491 1020 3556 de
1042 3493 1156 3560 ritibus
1173 3492 1328 3581 Iudaicis,
1365 3529 1366 3532 ¹

284 3607 325 3670 de
346 3597 551 3688 dogmatibus
572 3592 729 3661 ecclesiae
747 3588 927 3664 orientalis
956 3585 1049 3661 etde
1077 3614 1328 3668 commentomm

284 3700 538 3792 apocryphorum
573 3696 722 3762 dissensu
755 3692 928 3762 observata
959 3711 1129 3783 propterea
1168 3699 1327 3770 noluimus
1365 3705 1366 3716 ’

282 3807 402 3893 repeti,
436 3800 522 3888 quod
543 3799 658 3885 partim
687 3819 773 3866 nnnc
799 3811 875 3863 sunt
895 3801 929 3862 in
953 3793 1069 3884 vulgos
1091 3813 1186 3884 nota,
1211 3807 1326 3891 partim

281 3931 303 3972 a
324 3904 418 3972 uobis
447 3901 546 3966 hoc'
536 3919 608 3984 rpso
635 3900 671 3964 in
701 3919 798 3986 opere
827 3897 905 3966 alibi
933 3896 1059 3984 plenius
1087 3915 1122 3966 et
1147 3907 1325 3972 accuratius

282 4017 496 4119 exponnutur:

367 4102 493 4184 Quae
484 4122 518 4166 m
546 4098 670 4194 reliqna
691 4098 830 4168 Wsllini
856 4101 1055 4189 praefatione
1077 4103 1118 4170 de
1139 4120 1243 4178 aetate
1263 4109 1321 4174 hn-
