2786 4774
465 447 515 464 ...
562 402 641 504 ’119
692 447 742 467 ..-

91 617 203 676 propere
218 597 347 655 obviarn
364 591 572 676 propedebunt
588 593 630 670 al,
657 597 709 676 qui
723 617 741 658 a
753 607 897 678 serpente
917 617 1033 659 morsus
1049 609 1122 676 arat,

88 715 264 774 etdioebant
286 715 472 796 propinquis
498 713 579 792 ejus:
616 715 780 792 Accedito,
816 725 848 794 at
866 717 992 778 salutate
1007 737 1120 798 regam.

88 836 212 895 &deum
230 845 371 916 propter
391 849 581 905 moerorem,
604 833 636 892 in
659 854 720 912 quo
740 834 956 910 versabantur,
977 833 1121 896 secedere

85 958 197 1032 zelent,
218 953 319 1035 pueri
337 953 406 1012 ilios
423 951 536 1012 invitos
550 951 583 1012 vi
602 951 822 1015 abstrahebant.
864 953 905 1018 Et
918 973 989 1014 curn
1002 953 1042 1014 ad
1054 953 1122 1014 Do-

83 1077 178 1134 sinaun
192 1073 308 1134 Iesum
325 1069 548 1150 parvornilont,
567 1069 692 1148 rogabat
705 1071 767 1148 ille,
790 1091 882 1151 quare
896 1069 978 1132 hune
989 1089 1122 1153 puerum

81 1194 242 1272 grstrrerit?
276 1193 385 1268 Atque
403 1189 463 1248 illis
484 1189 753 1267 respondentibus,
775 1189 857 1270 quod
877 1210 1002 1270 serpens
1020 1193 1121 1271 ipsum

81 1293 304 1382 mordissct;
336 1307 456 1366 dicebat
469 1307 620 1368 Dominus
642 1309 727 1369 lesus
743 1311 863 1389 pueris:
892 1311 939 1370 lte
955 1310 1122 1382 nobiscum,

83 1439 298 1512 sserpentem
314 1427 409 1484 istum
423 1423 647 1486 interficiamus.
690 1428 876 1508 Rogantibus
894 1445 970 1488 vero
985 1429 1123 1508 parenti-

81 1551 116 1608 iu
129 1551 244 1630 pueri,
278 1555 317 1605 ut
333 1543 576 1618 dimitterentur,
605 1545 687 1626 quod
707 1545 788 1608 filius
809 1547 947 1626 ipsorum
969 1547 1002 1608 iu
1024 1563 1121 1626 agona
1157 1614 1162 1628 ⁸
1213 1549 1219 1557 '

82 1669 166 1728 artis
182 1671 393 1738 retentatum
414 1661 636 1742 respondebant
649 1665 747 1746 pueri,
767 1664 918 1726 dieentes:
940 1667 1054 1728 Annon
1065 1685 1121 1729 au-

83 1787 196 1860 tiristis,
229 1783 315 1864 quid
335 1803 394 1841 rex
407 1779 542 1840 dixeiitl
568 1781 680 1842 Eamus
696 1794 726 1842 et
740 1783 912 1844 occidamus
923 1784 1121 1866 serpentum?

82 1916 161 1964 nvos
173 1925 310 1966 morem
333 1899 393 1980 ipsi
412 1919 472 1958 non
488 1899 619 1976 geretis?
641 1901 682 1960 Et
697 1904 740 1962 sie
758 1901 831 1982 ipsis
846 1901 1018 1968 nolentibus
1032 1901 1121 1964 lueti-
1217 1927 1222 1932 ·

83 2047 129 2085 un
140 2035 232 2085 retro
249 2017 454 2080 abducebant.
476 2017 612 2096 Cumque
625 2017 663 2076 ad
677 2020 784 2082 nidum
798 2021 885 2080 illum
900 2019 1120 2102 perversissent,

84 2141 354 2206 durbatDomirnis
367 2137 452 2196 lesua
467 2135 587 2216 pueris:
609 2137 745 2200 Hoccine
761 2147 808 2200 eat
819 2137 979 2200 latibulum
993 2159 1120 2218 serpens
1149 2165 1152 2174 ‚

85 2263 126 2322 tis?
149 2269 265 2342 Atque
279 2256 343 2316 iilia
364 2253 582 2328 annuentibus,
601 2275 741 2335 serpeus,
762 2277 781 2314 a
792 2256 927 2318 Domino
942 2257 1013 2314 lesu
1026 2275 1120 2316 voca-
1143 2269 1146 2276 “

84 2397 127 2452 ns,
145 2375 322 2440 confestim
339 2371 496 2454 prodibat,
518 2393 643 2452 seseque
663 2373 721 2453 ipsi
742 2371 944 2432 submittebat.
988 2372 1045 2434 cui
1059 2373 1119 2446 ille,

87 2501 138 2576 ibi,
158 2497 290 2578 inquit,
311 2502 344 2551 st
358 2511 450 2550 omne
462 2509 629 2566 venenum,
652 2489 735 2570 quod
750 2489 822 2550 huic
835 2509 937 2569 puerp
956 2490 1120 2564 insinuasti,

86 2639 184 2697 exsuge.
234 2617 350 2690 Itaque
362 2629 487 2689 serpens
507 2609 562 2668 iste
577 2601 617 2668 ed
628 2629 760 2688 puerum
774 2605 924 2688 adrepens
932 2653 941 2682 ,
963 2586 1053 2667 omne
1067 2627 1120 2668 su·

91 2751 298 2798 nsrenenum
309 2749 416 2789 rursus
434 2727 572 2803 absttdit3
601 2736 631 2786 et
645 2737 719 2788 tunc
732 2723 890 2788 maledixit
909 2726 956 2786 illi
967 2727 1120 2788 Dominus

90 2851 162 2930 toas,
195 2861 237 2911 nt
252 2848 412 2927 extemplo
428 2845 582 2926 disruptus
604 2855 793 2922 moraretur3
822 2862 1013 2928 puerumque
1026 2865 1118 2904 mann

85 2993 118 3030 nr
131 2973 248 3050 tetigit,
272 2977 308 3026 nt
321 2965 487 3026 valetudini
502 2965 647 3044 pristinae
659 2966 882 3024 restitueretur.
923 2966 965 3026 Et
978 2982 1048 3024 eum
1060 2959 1119 3022 fle-

84 3093 290 3172 ninciperet,
317 3085 463 3164 Reprime
478 3083 598 3158 fletum,
626 3083 725 3166 inquit
744 3083 894 3144 Dominus
915 3083 1016 3157 lesus,
1044 3101 1119 3142 mox

83 3213 148 3270 nina
164 3229 260 3269 meus
275 3201 337 3264 eris
353 3202 518 3283 disciptdus
533 3199 595 3282 ²²).
638 3205 680 3265 Et
695 3201 745 3262 hie
766 3213 811 3264 est
824 3181 935 3262 Simon
949 3201 1118 3277 Cananitea,

84 3331 154 3407 cnjus
166 3329 205 3388 in
221 3323 394 3402 Evangelio
407 3321 444 3382 iit
457 3323 580 3383 mentio.
1105 3312 1109 3322 ’

429 3459 551 3534 ors.
589 3414 763 3536 xum.

156 3605 232 3666 Alio
248 3599 299 3660 die
313 3599 462 3679 Iosephus
477 3597 575 3660 filium
596 3619 685 3658 anum
698 3597 844 3662 Jaeobum
858 3599 1006 3678 lignatum
1028 3599 1121 3658 miss-

84 3733 135 3796 ut,
158 3732 191 3782 et
204 3720 350 3780 comitum
372 3737 404 3798 pe
422 3718 468 3780 illi
488 3718 639 3778 Dominus
658 3717 743 3778 Iesus
760 3717 957 3797 adjunmat3
990 3733 1120 3794 eumque

86 3841 291 3918 perverfissent
305 3837 343 3895 ad
357 3839 458 3898 losum
466 3881 476 3911 ‚
496 3837 527 3894 in
543 3855 603 3914 quo
624 3835 704 3916 ligna
718 3846 820 3910 erant,
850 3836 1055 3916 coepissetque
1069 3833 1120 3894 Ja-

86 3959 168 4016 cobns
180 3959 235 4017 illa
250 3957 404 4036 colligere,
424 3957 511 4015 ecee!
530 3955 637 4032 vipera
651 3953 778 4034 maligna
792 3955 880 4016 illurn
894 3951 1066 4025 momordit,
1079 3953 1121 4012 ita

89 4085 116 4133 nt
127 4075 202 4136 llere
217 4073 430 4135 etsocifsrari
442 4073 600 4153 inciperet.
640 4074 722 4134 Eum
733 4071 828 4152 igitur
843 4073 875 4133 in
887 4071 946 4132 boc
960 4081 1039 4132 statu
1053 4089 1121 4130 eer-
