2800 4776
680 355 728 372 -
779 313 850 388 352
902 349 967 373 -·

639 571 644 586 ·
692 550 864 613 cervi*
897 553 950 614 vl.

320 655 323 662 Ι
393 706 470 768 Erat
487 710 589 790 autem
607 675 706 766 Marii
724 704 758 764 in
777 703 979 767 admiratione
995 706 1080 766 omni
1100 708 1239 788 populo,
1262 712 1338 792 quia

312 844 382 886 cum
402 823 498 884 trium
519 830 787 899 cancianorum,
817 832 939 885 maturo
960 843 1068 904 peren
1087 827 1278 907 ambulabat,
1302 840 1337 893 et

309 942 355 1004 io
373 921 598 1023 periectieiime
621 941 655 1001 in
679 939 730 1002 aei
756 941 899 1004 nuaram
923 944 1135 1024 permanebat,
1166 957 1205 1008 ut
1225 968 1333 1011 omnes
1360 971 1363 976 ·

309 1071 436 1142 atupore
458 1067 491 1119 et
512 1056 714 1119 admiratione
740 1061 957 1143 subjacerent:
991 1061 1065 1141 quia
1091 1082 1155 1122 non
1179 1063 1334 1128 infantula

308 1179 491 1261 pntabatnr,
524 1176 579 1237 aed
600 1195 707 1256 magna
730 1186 763 1238 et
782 1178 868 1258 qnaai
885 1177 948 1259 jam
970 1178 1063 1259 plena
1084 1199 1254 1255 annornm,
1289 1183 1335 1243 ita

308 1299 343 1359 in
366 1295 504 1359 oratione
532 1294 726 1356 conciatcbat.
783 1295 888 1358 Etiam
908 1295 1124 1377 reaplendebat
1145 1297 1240 1376 facies
1265 1301 1333 1382 ejaa

309 1401 486 1485 riccimiri,
515 1410 560 1474 ita
585 1420 622 1475 nt
640 1411 698 1476 vix
718 1422 847 1494 percont
869 1413 904 1473 ἰιι
922 1413 990 1496 ejus
1010 1414 1136 1477 vultum
1158 1415 1329 1480 intendere.

191 1621 194 1630 Ι
247 1540 249 1546 ’
308 1530 475 1594 Inaiatebat
492 1537 594 1601 antem
612 1530 651 1591 ad
670 1551 747 1612 opua
768 1529 911 1608 lanificii,
931 1540 965 1593 et
983 1533 1111 1606 omnia,·
1125 1553 1202 1614 quaa
1214 1535 1331 1596 malie·

307 1671 358 1714 rea
377 1647 520 1730 antiquae
541 1667 604 1708 non
623 1657 796 1728 potnerunt
814 1649 931 1725 sacena,
966 1650 1026 1710 iata
1048 1651 1083 1709 in
1106 1659 1208 1711 tenera
1225 1660 1330 1714 aetate

307 1769 409 1848 poeita
429 1764 610 1852 explicabat.
649 1765 739 1824 Hanc
755 1771 857 1824 autem
876 1763 1014 1843 regalem
1034 1766 1094 1826 eibi
1108 1775 1272 1844 numme,
1292 1781 1330 1832 ut

307 1905 326 1945 a
346 1902 433 1943 manc
453 1900 551 1960 arque
571 1879 609 1941 ad
627 1879 736 1941 boram
755 1881 880 1943 tertiam
901 1881 1092 1944 orationibna
1113 1882 1289 1960 inaiaicret,
1310 1909 1329 1948 a

307 2002 399 2064 tertia
418 2007 520 2061 autem
540 2018 638 2079 utque
660 1997 699 2058 ad
717 2018 828 2060 nonem
847 1998 1033 2090 textrino'ae
1046 2021 1139 2081 opere
1154 2015 1327 2085 oocuparet.

306 2119 335 2185 A
349 2139 429 2180 nona
441 2136 517 2180 vero
529 2115 606 2179 bora
618 2117 734 2179 iteaam
746 2117 783 2179 ab
798 2116 939 2181 oratione
956 2137 1020 2178 non
1034 2120 1211 2199 accedebat,
1231 2122 1328 2186 donec

375 2437 440 2492 Car.
456 2437 507 2492 vl.
540 2433 780 2502 cnebulcbai.)
811 2435 959 2491 incedebat·
1009 2437 1111 2507 Leplda
1134 2436 1330 2494 Gelaloddinna

241 2516 245 2530 ’
305 2527 340 2580 de
355 2525 458 2580 Men:
491 2520 631 2574 Crescebat
648 2521 676 2572 in
693 2537 745 2572 uno
763 2521 820 2586 die,
845 2532 974 2592 quantum
994 2531 1115 2575 creeount
1135 2523 1187 2574 ob'a'
1205 2523 1327 2592 infanta

306 2613 335 2663 in
351 2609 404 2662 rino
421 2623 501 2660 anno.
534 2607 599 2660 vid.
615 2606 745 2662 Μιιιαιίἰ
760 2603 854 2660 Prodr.
871 2607 904 2660 ad
921 2605 1027 2659 refutat.
1046 2605 1175 2662 Alcoraai
1191 2595 1263 2664 Part.
1274 2609 1326 2664 IV.

305 2710 368 2763 pag.
386 2693 429 2759 87.
455 2715 489 2730 -
519 2688 787 2760 parmanebci‚)
813 2690 929 2745 vacabat·
947 2715 981 2730 ·-
1014 2706 1084 2740 non
1111 2689 1326 2758 infantula)

238 2845 244 2854 ,
305 2797 362 2834 non
378 2788 410 2830 ιιι
430 2774 573 2848 infantula.
623 2778 693 2831 Item
709 2779 739 2827 in
759 2790 818 2843 aqq.
836 2774 883 2829 aed
899 2785 931 2828 at
946 2787 1051 2841 magna·
1068 2775 1102 2812 -’-
1119 2761 1204 2852 jam
1216 2777 1326 2843 plena

305 2859 491 2926 annorum)
507 2862 685 2929 nigintajam
696 2873 837 2912 annorum.
903 2857 1089 2912 Barbarumoa
1103 2869 1130 2910 et
1147 2861 1325 2915 aoloeciamoa

303 2946 358 2999 hoc
374 2945 489 3012 alliaque
511 2944 600 2997 libelli
623 2945 692 2997 locla
714 2940 810 2996 obrioa
835 2959 892 2994 non
911 2953 951 2994 eat
967 2941 1042 3012 quod
1059 2948 1192 2995 notemur.
1223 2943 1327 3000 Dicere

304 3041 395 3084 autam
412 3028 473 3082 vult
489 3040 599 3091 auctor,
613 3027 729 3082 Mariam
745 3037 799 3081 ιτα
815 3043 899 3080 annoa
915 3037 1004 3079 natam
1019 3036 1075 3078 tam
1091 3025 1328 3094 antinum-fuine

304 3118 334 3167 ia
348 3110 490 3182 precihus,
506 3124 539 3165 ιιι
553 3129 610 3166 non
625 3111 773 3176 infantula,
795 3110 841 3165 aad
857 3115 936 3180 virgo
952 3111 1043 3163 adulta
1059 3120 1260 3177 proretae·-
1283 3114 1328 3164 orl

189 3263 192 3270 ⁴
286 3193 407 3266 ‘opuel
431 3198 567 3265 operi.-
598 3194 730 3258 emnia)
756 3211 848 3262 opera.
870 3220 905 3234 -
935 3190 1159 3263 explicabat)
1185 3192 1323 3262 explebat.

305 3281 393 3336 Antea
412 3281 539 3334 mulierca
559 3279 688 3348 antiquae
708 3279 794 3333 dictae
809 3296 861 3349 pro
878 3286 968 3330 oerore
981 3277 1125 3345 provecria
1150 3278 1225 3331 ·Vid.
1245 3279 1326 3336 (3102.

291 3371 406 3422 .aarium
435 3365 508 3417 med·
534 3374 561 3416 at
585 3361 635 3418 ini.
657 3361 745 3416 Latin.
770 3381 792 3416 a.
816 3379 863 3415 ιι.
888 3362 1018 3430 antiquae
1038 3372 1066 3413 et
1087 3360 1250 3430 antiquiror.
1289 3391 1323 3403 -

304 3467 324 3502 c
337 3441 461 3510 'mend
486 3451 618 3517 aprima.
669 3445 811 3514 Ejuamodi
839 3447 971 3510 fabulam,
995 3445 1105 3513 qualem
1129 3445 1175 3498 hic
1197 3447 1323 3516 legimur,

262 3561 268 3574 ·
303 3537 427 3603 raapcxit
442 3533 552 3588 Meroua
569 3531 706 3587 Antoniae
731 3529 881 3588 Sabellicus
903 3529 1088 3600 Exemplorum
1104 3527 1153 3581 lib.
1169 3531 1205 3582 Π.
1222 3547 1282 3600 cap.
1299 3531 1323 3604 i,

303 3629 330 3672 et
348 3635 372 3686 9.
396 3615 445 3671 lib·
461 3618 514 3675 ΙΙΙ,
530 3632 597 3685 cap.
610 3616 636 3669 4.
678 3614 721 3670 lbl
746 3620 819 3671 anim
843 3635 880 3672 aa
902 3619 1038 3685 majorum
1058 3611 1206 3692 traditione
1232 3615 1322 3680 refert,

270 3732 273 3740 »
302 3719 362 3757 eam
381 3705 432 3756 otii
447 3705 605 3772 negotiique
620 3704 752 3756 radonem
767 3701 872 3758 Mariae
887 3701 1053 3762 coactitiae,
1074 3710 1106 3752 ut
1122 3714 1137 3750 a
1154 3702 1244 3766 prima
1261 3701 1323 3754 luae

302 3788 335 3842 ad
356 3789 463 3841 tertiam
486 3787 541 3840 diei
563 3783 659 3839 horam
680 3786 760 3854 rebua
785 3786 884 3839 divinia
906 3785 1073 3856 peculiarem
1096 3797 1209 3850 operam
1234 3783 1322 3838 deren

300 3871 365 3927 inda
379 3869 414 3924 ad
428 3871 568 3924 meridiem
585 3871 706 3938 puellare
721 3869 833 3942 aliquod
849 3887 921 3940 apua
938 3869 1041 3934 obiret,
1062 3883 1142 3934 caepe
1156 3878 1184 3921 et
1200 3865 1322 3924 lanificio

198 3985 201 3994 =
301 3967 418 4022 mmet,
443 3973 512 4011 mox
532 3964 622 4009 autem
643 3954 754 4018 acibo,
779 3958 829 4026 qui
844 3945 1016 4024 barcbaimua
1031 3953 1079 4014 illi,
1091 3963 1163 4016 erat,
1188 3953 1321 4021 reliquam

301 4041 358 4098 diei
387 4052 492 4110 partem
520 4043 670 4105 arripiam
693 4057 782 4096 uerae
816 4041 927 4095 lectioni
956 4037 1054 4096 aadulo
1084 4035 1263 4106 impenderat·
1290 4061 1322 4072 -
