2800 4776
173 433 176 441 Ι
624 287 675 382 -ὲ
726 341 905 402 exruvm
957 359 1008 380 -

194 457 209 470 ⁹
294 511 336 580 u.
351 511 392 580 r.
405 515 618 580 ammiel
627 461 708 593 aare.
730 507 835 576 uam
849 508 893 578 aa
907 507 958 574 aa
974 505 1239 572 eleanam
1255 508 1358 594 ωε).

292 615 416 682 Auctor
443 615 581 682 tortam
602 617 685 710 uixit
712 611 912 698 temporibus
934 610 1173 676 acnuovsrsiaa
1198 611 1238 676 da
1257 613 1359 676 imu-

290 717 515 908 8¹mbdsstiod.
533 819 734 890 Havaieusis
746 765 1034 901 perturbemur,
1051 815 1149 898 cuju
1162 811 1358 880 nubtiarum

292 921 374 990 haec
395 919 630 1010 nota-legitera
662 941 749 988 aune
772 921 898 988 densim·
922 917 1092 984 neam
1114 917 1356 1004 quadruge*

288 1251 298 1258 ,.
360 1210 428 1280 138)
444 1212 641 1286 Argumentum
656 1211 752 1280 paucis
769 1227 787 1268 e
803 1214 865 1278 cod,
882 1210 944 1268 llal.
960 1211 1089 1268 referam.
1123 1209 1220 1264 llerrat
1235 1215 1351 1278 auctor,

290 1298 432 1356 Tiberium
450 1297 691 1374 vehementissima
711 1307 895 1372 aegrotantem
912 1296 1105 1368 Hierosolyma
1129 1295 1234 1350 misisse
1253 1296 1350 1349 Volu-

291 1385 409 1454 sianum,
427 1384 518 1442 virum
536 1384 676 1452 illustrem,
695 1394 726 1438 ut
746 1387 840 1462 ,lesum
857 1385 992 1440 Christum
1012 1391 1174 1450 arcesseret,
1193 1397 1274 1452 quem
1295 1397 1349 1432 an-

237 1507 240 1516 .
291 1467 406 1527 divisset
430 1471 577 1540 imperator
604 1469 718 1530 mortuis
741 1471 825 1526 vitam
852 1471 1018 1540 infirmisque
1046 1473 1160 1524 salutem
1186 1466 1348 1520 restituere.

289 1559 372 1612 blanc
390 1557 473 1630 igitur
494 1565 557 1626 post
577 1563 664 1609 ulrum
682 1573 781 1610 anuum
806 1567 834 1612 et
852 1565 908 1612 tres
931 1565 1040 1612 mantea
1061 1555 1252 1623 Hierosolyma
1276 1551 1348 1606 navi

233 1674 253 1710 μ
278 1645 434 1699 'advectum
457 1642 497 1696 ibi
520 1642 686 1698 convenisse
705 1645 871 1698 ludaeorum
894 1643 1032 1714 principes
1055 1651 1083 1696 et
1099 1641 1231 1708 Pilatum,
1260 1645 1370 1708 atque*

288 1731 324 1784 de
340 1737 428 1802 morte
445 1725 545 1802 Cluristi
569 1729 712 1784 certiorem
732 1731 836 1785 tactum
858 1731 930 1786 banc
955 1728 1122 1800 injustitiam,
1136 1735 1163 1781 et
1180 1726 1345 1782 violentiam

288 1816 376 1872 reato
400 1813 506 1870 crimini
523 1815 640 1870 dedisse.
680 1815 790 1870 Deinde
804 1817 972 1888 Josaplaum,
994 1812 1237 1882 Volusianiiussu
1254 1827 1347 1868 voca-

180 1947 181 1952 ,
289 1909 361 1970 tum,
379 1917 440 1954 cum
452 1899 511 1954 aliis
525 1901 610 1969 viris,
627 1901 811 1958 relatumve
824 1905 957 1972 quodam,
976 1902 1009 1954 da
1024 1899 1125 1955 Christi
1140 1895 1344 1953 resurrectione

288 1974 473 2045 testimonium
490 1981 606 2056 dixisse3
626 1987 741 2040 Pilatum
759 2004 828 2044 vero
846 2005 926 2044 causa
943 1983 1053 2059 cognite
1070 1986 1099 2040 in
1117 2001 1255 2039 carcerem
1274 1999 1344 2036 ccu-

289 2075 392 2146 iectum
409 2092 479 2129 esse.
512 2073 575 2128 Hac
601 2071 747 2126 occasione
764 2073 902 2127 hominem
923 2073 1035 2128 nomine
1050 2062 1175 2126 Marcium
1197 2073 1231 2125 da
1249 2073 1344 2126 Vero-

287 2160 367 2230 nica,
386 2160 499 2215 muliere
518 2157 567 2214 ille
583 2158 874 2231 sanguiuirprollurio
894 2177 911 2215 a
927 2163 994 2236 iasa
1013 2160 1145 2229 liberata,
1169 2174 1238 2230 quae
1254 2157 1343 2228 ipsium

286 2246 432 2320 imaginem
456 2255 532 2320 gata
555 2261 638 2300 mene
660 2245 721 2300 sibi>
735 2230 921 2316 depinxiss'et,
948 2245 1155 2314 memoravisse,
1188 2261 1306 2314 eamque
1326 2261 1343 2300 s

198 2395 206 2402 q
289 2335 382 2402 Tyro,
413 2332 461 2394 ubi
483 2339 541 2389 turn
563 2332 693 2402 terrueris
715 2333 868 2400 habitaret,
893 2334 929 2389 ad
945 2333 1127 2392 Volusianum
1149 2333 1257 2385 ductam
1280 2347 1342 2384 essa

286 2437 352 2476 cum
370 2419 486 2494 imagine
503 2420 562 2474 illa.
597 2419 643 2476 Sic
658 2417 837 2474 Volusienum
854 2419 975 2476 divinem
992 2421 1063 2472 hanc
1079 2416 1239 2491 imaginem,
1261 2433 1341 2486 quam

170 2517 172 2522 '
285 2505 348 2580 ipse
368 2509 506 2574 adoraret,
532 2513 560 2558 at
580 2503 746 2560 Veronicam
770 2521 822 2560 uec
839 2489 895 2558 non
917 2498 1032 2558 Pilatum
1049 2502 1160 2558 Romam
1177 2519 1271 2556 secum
1295 2519 1340 2558 re-

287 2591 449 2663 portavisse.
484 2589 577 2660 ltaque
602 2587 641 2644 rbi
667 2591 782 2644 eundem
801 2592 834 2644 ad
852 2591 994 2662 (liberium
1010 2589 1136 2645 retulisse
1154 2599 1181 2644 et
1198 2589 1232 2642 da
1248 2589 1340 2642 Pilato

217 2696 219 2716 ¹
288 2687 317 2736 et
333 2679 368 2734 de
384 2677 538 2750 veronica:
556 2676 635 2729 illum
651 2675 683 2729 iri
699 2673 812 2730 ameum
831 2677 947 2746 ejectum
967 2685 995 2732 at
1010 2677 1040 2730 in
1056 2691 1195 2731 carcerem
1211 2667 1338 2740 missino,

287 2765 360 2820 bane
376 2781 461 2832 vero,
486 2779 548 2819 uam
565 2758 693 2816 ruerent
713 2759 814 2818 Christi
832 2763 977 2836 imaginem
997 2763 1109 2818 bituitus
1126 2780 1142 2816 e
1158 2762 1256 2830 urcrba¹
1274 2778 1339 2816 cou-

287 2851 434 2919 valuisset,
451 2852 534 2904 multe
546 2849 664 2918 pecunia
678 2851 816 2916 donatam,
833 2849 971 2919 ipsamque
987 2847 1133 2924 imaginem
1146 2864 1213 2902 auro
1228 2858 1259 2902 et
1274 2865 1338 2918 pre-

287 2936 365 3002 tiosis
382 2937 514 3006 lapidibus
531 2937 663 2992 inclusam
679 2953 749 2992 esse.
783 2927 844 2988 Hac
859 2935 894 2988 da
911 2952 993 2990 causa
1007 2944 1103 3006 postea
1116 2933 1258 2990 Tiberium
1277 2951 1338 2989 cre-

289 3021 389 3076 didisse
409 3023 438 3076 in
456 3022 608 3091 Christum,
634 3031 661 3078 at
677 3019 913 3082 vehementissima
930 3021 960 3073 in
977 3029 1098 3076 senatum
1117 3021 1266 3090 saeviisse,
1291 3021 1336 3090 qui

288 3123 365 3161 sacra
383 3105 534 3162 Christiana
556 3099 737 3162 detrectaret,
763 3105 868 3161 seriori
884 3114 1008 3176 tempore
1031 3125 1093 3162 cum
1115 3116 1178 3176 post
1194 3105 1335 3160 Tiberium

288 3202 317 3250 et
327 3183 470 3249 Claudium
485 3195 629 3265 imperium
644 3191 806 3263 suscepisset
822 3193 907 3261 Nero,
924 3195 1033 3246 Petrum
1051 3203 1080 3248 et
1092 3196 1203 3248 l’eulum
1221 3195 1334 3248 Romam

287 3279 412 3348 venisse,
436 3288 523 3350 *atque
547 3282 690 3351 utrumque
712 3283 747 3335 de
763 3279 874 3336 Chriato
890 3287 1020 3334 lentulum
1044 3295 1105 3334 asse
1129 3289 1157 3333 et
1180 3278 1335 3334 Simeonem

286 3366 401 3438 Magum
417 3364 596 3435 improbitatis
614 3377 643 3422 et
662 3368 801 3420 malarum‘
814 3366 911 3420 artium
928 3365 1096 3422 conuenae:
1121 3365 1204 3426 etiam
1219 3365 1334 3418 Pilatum

287 3459 384 3507 testem
399 3461 577 3520 provocamur
590 3453 737 3534 literaeque
752 3453 811 3524 ejus
830 3454 864 3506 ad
881 3451 1021 3507 Claudium
1037 3452 1146 3521 publice
1161 3454 1246 3505 lectas
1264 3465 1334 3505 aare.

285 3535 412 3608 Denique
433 3541 506 3592 hunc
522 3535 633 3608 propter
652 3539 895 3606 caementatam,
914 3555 993 3608 quam
1010 3538 1039 3592 in
1056 3539 1159 3592 Judeaa
1177 3555 1272 3608 passus
1291 3551 1333 3589 ee·

286 3633 344 3691 set,
368 3625 468 3678 iterum
484 3626 622 3678 exulatum
644 3626 815 3696 semetipsum
838 3624 927 3698 gladio
945 3623 1225 3692 transverberavisse,
1253 3631 1333 3691 atque

285 3709 559 3766 similitationem
576 3725 684 3765 manum
700 3711 752 3764 ribi
763 3711 885 3766 intulisse
903 3719 931 3764 at
947 3709 1047 3764 misere
1063 3710 1184 3779 periisse.
1198 3737 1233 3748 —
1249 3709 1333 3764 Com-

285 3795 368 3868 pilate
388 3805 430 3850 est
447 3798 539 3850 fabule
560 3812 596 3850 ex
621 3813 666 3853 ev.
687 3797 845 3864 Nicodami,
863 3795 946 3851 'Actis
965 3795 1038 3850 Petri
1066 3803 1094 3850 et
1118 3796 1193 3850 Pauli
1219 3794 1332 3862 aliisque

285 3878 363 3938 libris
390 3882 560 3952 apocryphis.
600 3883 646 3938 De
664 3883 800 3938 veronice
824 3883 880 3938 uid.
907 3889 965 3937 not.
992 3883 1027 3934 ed
1050 3897 1077 3950 p.
1096 3882 1156 3936 560.
1177 3897 1217 3949 sq.
1252 3879 1332 3934 Adde

286 3968 324 4023 tbi
342 3965 475 4024 Honorati
489 3975 511 4022 'a
529 3970 559 4024 S.
576 3969 666 4023 Maria
684 3971 919 4024 Animadversionem
937 3973 962 4021 in
980 3973 1081 4032 rogatae
1098 3979 1122 4020 et
1140 3987 1212 4019 urum
1229 3969 1331 4022 critices

253 4097 260 4102 .
286 4055 366 4110 Tem
385 4055 418 4109 11.
439 4053 487 4107 tib.
506 4057 556 4110 tv.
574 4054 679 4111 dismra
695 4057 770 4109 vlu.
790 4073 818 4124 p.
836 4053 896 4109 tto.
915 4072 955 4124 sq.
975 4053 1074 4108 Venat.
1098 4054 1173 4108 ¹738.
