<?xml version="1.0" encoding="UTF-8"?>
<!DOCTYPE html PUBLIC "-//W3C//DTD XHTML 1.0 Transitional//EN"
    "http://www.w3.org/TR/xhtml1/DTD/xhtml1-transitional.dtd">
<html xmlns="http://www.w3.org/1999/xhtml" xml:lang="en" lang="en">
 <head>
  <title>
</title>
<meta http-equiv="Content-Type" content="text/html;charset=utf-8" />
  <meta name='ocr-system' content='tesseract 3.04.00' />
  <meta name='ocr-capabilities' content='ocr_page ocr_carea ocr_par ocr_line ocrx_word'/>
</head>
<body>
  <div class='ocr_page' id='page_1' title='image "./codexapocryphus00thilgoog_0948.png"; bbox 0 0 2726 4780; ppageno 0'>
   <div class='ocr_carea' id='block_1_1' title="bbox 450 255 725 345">
    <p class='ocr_par' dir='ltr' id='par_1_1' title="bbox 450 255 725 345">
     <span class='ocr_line' id='line_1_1' title="bbox 450 255 725 345; baseline -0.022 1"><span class='ocrx_word' id='word_1_1' title='bbox 450 255 725 345; x_wconf 71' lang='lat'>-743-</span> 
     </span>
    </p>
   </div>
   <div class='ocr_carea' id='block_1_2' title="bbox 55 439 1101 1121">
    <p class='ocr_par' dir='ltr' id='par_1_2' title="bbox 55 439 1101 1121">
     <span class='ocr_line' id='line_1_2' title="bbox 56 439 1101 530; baseline -0.002 -20"><span class='ocrx_word' id='word_1_2' title='bbox 56 465 165 530; x_wconf 80' lang='lat' dir='ltr'><strong>snper</strong></span> <span class='ocrx_word' id='word_1_3' title='bbox 184 465 248 506; x_wconf 77' lang='lat' dir='ltr'><strong>me:</strong></span> <span class='ocrx_word' id='word_1_4' title='bbox 286 439 424 504; x_wconf 83' lang='lat' dir='ltr'><strong>Domine</strong></span> <span class='ocrx_word' id='word_1_5' title='bbox 444 441 537 518; x_wconf 84' lang='lat' dir='ltr'><strong>deus,</strong></span> <span class='ocrx_word' id='word_1_6' title='bbox 567 444 696 508; x_wconf 62' lang='lat' dir='ltr'><strong>olerum</strong></span> <span class='ocrx_word' id='word_1_7' title='bbox 715 446 756 507; x_wconf 86' lang='lat' dir='ltr'><strong>sd</strong></span> <span class='ocrx_word' id='word_1_8' title='bbox 781 457 828 522; x_wconf 88' lang='lat' dir='ltr'><strong>te,</strong></span> <span class='ocrx_word' id='word_1_9' title='bbox 856 456 889 508; x_wconf 88' lang='lat' dir='ltr'><strong>et</strong></span> <span class='ocrx_word' id='word_1_10' title='bbox 908 446 1019 510; x_wconf 75' lang='lat' dir='ltr'><strong>amerii</strong></span> <span class='ocrx_word' id='word_1_11' title='bbox 1040 450 1101 522; x_wconf 78' lang='lat' dir='ltr'><strong>me,</strong></span> 
     </span>
     <span class='ocr_line' id='line_1_3' title="bbox 55 557 1101 642; baseline -0.003 -14"><span class='ocrx_word' id='word_1_12' title='bbox 55 561 220 628; x_wconf 74' lang='lat' dir='ltr'><strong>domine&#39;</strong></span> <span class='ocrx_word' id='word_1_13' title='bbox 248 557 454 636; x_wconf 79' lang='lat' dir='ltr'><strong>Eduxistieb</strong></span> <span class='ocrx_word' id='word_1_14' title='bbox 475 560 586 624; x_wconf 81' lang='lat' dir='ltr'><strong>inferis</strong></span> <span class='ocrx_word' id='word_1_15' title='bbox 600 563 731 626; x_wconf 62' lang='lat' dir='ltr'><strong>mmm</strong></span> <span class='ocrx_word' id='word_1_16' title='bbox 744 585 861 642; x_wconf 83' lang='lat' dir='ltr'><strong>meam,</strong></span> <span class='ocrx_word' id='word_1_17' title='bbox 882 563 1006 628; x_wconf 75' lang='lat' dir='ltr'><strong>eeiruti</strong></span> <span class='ocrx_word' id='word_1_18' title='bbox 1019 587 1069 628; x_wconf 78' lang='lat' dir='ltr'><strong>me</strong></span> <span class='ocrx_word' id='word_1_19' title='bbox 1083 587 1101 625; x_wconf 82' lang='lat' dir='ltr'><strong>e</strong></span> 
     </span>
     <span class='ocr_line' id='line_1_4' title="bbox 56 677 1100 754; baseline -0.001 -8"><span class='ocrx_word' id='word_1_20' title='bbox 56 679 329 754; x_wconf 81' lang='lat' dir='ltr'><strong>deeoendentibps</strong></span> <span class='ocrx_word' id='word_1_21' title='bbox 351 678 386 738; x_wconf 85' lang='lat' dir='ltr'><strong>in</strong></span> <span class='ocrx_word' id='word_1_22' title='bbox 406 677 516 740; x_wconf 81' lang='lat' dir='ltr'><strong>lecum.</strong></span> <span class='ocrx_word' id='word_1_23' title='bbox 565 679 691 744; x_wconf 81' lang='lat' dir='ltr'><strong>Periiiie</strong></span> <span class='ocrx_word' id='word_1_24' title='bbox 718 683 845 746; x_wconf 83' lang='lat' dir='ltr'><strong>domino</strong></span> <span class='ocrx_word' id='word_1_25' title='bbox 866 703 973 748; x_wconf 84' lang='lat' dir='ltr'><strong>omnes</strong></span> <span class='ocrx_word' id='word_1_26' title='bbox 1001 683 1100 746; x_wconf 86' lang='lat' dir='ltr'><strong>eeneii</strong></span> 
     </span>
     <span class='ocr_line' id='line_1_5' title="bbox 55 795 1099 886; baseline 0 -22"><span class='ocrx_word' id='word_1_27' title='bbox 55 804 135 886; x_wconf 79' lang='lat' dir='ltr'><strong>ejus</strong></span> <span class='ocrx_word' id='word_1_28' title='bbox 141 847 152 881; x_wconf 85' lang='lat'>,</span> <span class='ocrx_word' id='word_1_29' title='bbox 180 809 214 862; x_wconf 80' lang='lat' dir='ltr'><strong>et</strong></span> <span class='ocrx_word' id='word_1_30' title='bbox 233 795 605 861; x_wconf 78' lang='lat' dir='ltr'><strong>confiteminimemoriae</strong></span> <span class='ocrx_word' id='word_1_31' title='bbox 624 802 797 865; x_wconf 81' lang='lat' dir='ltr'><strong>eenotitetis</strong></span> <span class='ocrx_word' id='word_1_32' title='bbox 818 803 898 886; x_wconf 78' lang='lat' dir='ltr'><strong>ejus.</strong></span> <span class='ocrx_word' id='word_1_33' title='bbox 947 804 1099 883; x_wconf 78' lang='lat' dir='ltr'><strong>Quonim</strong></span> 
     </span>
     <span class='ocr_line' id='line_1_6' title="bbox 55 915 1099 1004; baseline -0.004 -21"><span class='ocrx_word' id='word_1_34' title='bbox 55 922 111 984; x_wconf 82' lang='lat' dir='ltr'><strong>ire</strong></span> <span class='ocrx_word' id='word_1_35' title='bbox 130 917 400 998; x_wconf 69' lang='lat' dir='ltr'><strong>imiadiguetione</strong></span> <span class='ocrx_word' id='word_1_36' title='bbox 413 915 500 998; x_wconf 86' lang='lat' dir='ltr'><strong>ejus,</strong></span> <span class='ocrx_word' id='word_1_37' title='bbox 520 926 553 978; x_wconf 89' lang='lat' dir='ltr'><strong>et</strong></span> <span class='ocrx_word' id='word_1_38' title='bbox 573 919 640 980; x_wconf 78' lang='lat' dir='ltr'><strong>ritu</strong></span> <span class='ocrx_word' id='word_1_39' title='bbox 652 918 687 981; x_wconf 86' lang='lat' dir='ltr'><strong>in</strong></span> <span class='ocrx_word' id='word_1_40' title='bbox 703 921 865 984; x_wconf 80' lang='lat' dir='ltr'><strong>voluntate</strong></span> <span class='ocrx_word' id='word_1_41' title='bbox 882 923 961 1004; x_wconf 86' lang='lat' dir='ltr'><strong>ejus.</strong></span> <span class='ocrx_word' id='word_1_42' title='bbox 1003 917 1099 980; x_wconf 82' lang='lat' dir='ltr'><strong>Simi-</strong></span> 
     </span>
     <span class='ocr_line' id='line_1_7' title="bbox 58 1033 1098 1121; baseline -0.003 -22"><span class='ocrx_word' id='word_1_43' title='bbox 58 1038 143 1099; x_wconf 89' lang='lat' dir='ltr'><strong>liter</strong></span> <span class='ocrx_word' id='word_1_44' title='bbox 156 1046 190 1097; x_wconf 90' lang='lat' dir='ltr'><strong>et</strong></span> <span class='ocrx_word' id='word_1_45' title='bbox 201 1053 308 1096; x_wconf 83' lang='lat' dir='ltr'><strong>omnes</strong></span> <span class='ocrx_word' id='word_1_46' title='bbox 322 1034 419 1095; x_wconf 84' lang='lat' dir='ltr'><strong>eeneii</strong></span> <span class='ocrx_word' id='word_1_47' title='bbox 433 1033 485 1094; x_wconf 90' lang='lat' dir='ltr'><strong>dei</strong></span> <span class='ocrx_word' id='word_1_48' title='bbox 499 1036 626 1116; x_wconf 76' lang='lat' dir='ltr'><strong>genibus</strong></span> <span class='ocrx_word' id='word_1_49' title='bbox 647 1038 790 1101; x_wconf 80' lang='lat' dir='ltr'><strong>edroiuti</strong></span> <span class='ocrx_word' id='word_1_50' title='bbox 806 1039 845 1100; x_wconf 83' lang='lat' dir='ltr'><strong>ed</strong></span> <span class='ocrx_word' id='word_1_51' title='bbox 863 1039 957 1121; x_wconf 85' lang='lat' dir='ltr'><strong>pedes</strong></span> <span class='ocrx_word' id='word_1_52' title='bbox 978 1035 1098 1099; x_wconf 85' lang='lat' dir='ltr'><strong>domini</strong></span> 
     </span>
    </p>
   </div>
   <div class='ocr_carea' id='block_1_3' title="bbox 60 1151 1191 1237">
    <p class='ocr_par' dir='ltr' id='par_1_3' title="bbox 60 1151 1191 1237">
     <span class='ocr_line' id='line_1_8' title="bbox 60 1151 1191 1237; baseline -0.002 -19"><span class='ocrx_word' id='word_1_53' title='bbox 60 1175 130 1218; x_wconf 81' lang='lat' dir='ltr'><strong>une</strong></span> <span class='ocrx_word' id='word_1_54' title='bbox 153 1174 233 1214; x_wconf 84' lang='lat' dir='ltr'><strong>voce</strong></span> <span class='ocrx_word' id='word_1_55' title='bbox 253 1151 421 1216; x_wconf 83' lang='lat' dir='ltr'><strong>dixerunt:</strong></span> <span class='ocrx_word' id='word_1_56' title='bbox 455 1152 622 1216; x_wconf 75' lang='lat' dir='ltr'><strong>Advenieti</strong></span> <span class='ocrx_word' id='word_1_57' title='bbox 651 1155 831 1237; x_wconf 78' lang='lat' dir='ltr'><strong>redemptor</strong></span> <span class='ocrx_word' id='word_1_58' title='bbox 860 1157 985 1230; x_wconf 67' lang='lat' dir='ltr'><strong>mardie</strong></span> <span class='ocrx_word' id='word_1_59' title='bbox 1018 1157 1099 1218; x_wconf 84' lang='lat' dir='ltr'><strong>siout</strong></span> <span class='ocrx_word' id='word_1_60' title='bbox 1187 1205 1191 1224; x_wconf 82' lang='lat'><strong>.</strong></span> 
     </span>
    </p>
   </div>
   <div class='ocr_carea' id='block_1_4' title="bbox 60 1266 1098 2060">
    <p class='ocr_par' dir='ltr' id='par_1_4' title="bbox 60 1266 1098 2060">
     <span class='ocr_line' id='line_1_9' title="bbox 60 1266 1098 1356; baseline 0 -22"><span class='ocrx_word' id='word_1_61' title='bbox 60 1295 124 1356; x_wconf 88' lang='lat' dir='ltr'><strong>per</strong></span> <span class='ocrx_word' id='word_1_62' title='bbox 141 1273 243 1352; x_wconf 76' lang='lat' dir='ltr'><strong>legem</strong></span> <span class='ocrx_word' id='word_1_63' title='bbox 263 1280 297 1332; x_wconf 88' lang='lat' dir='ltr'><strong>et</strong></span> <span class='ocrx_word' id='word_1_64' title='bbox 313 1266 478 1352; x_wconf 76' lang='lat' dir='ltr'><strong>prophetes</strong></span> <span class='ocrx_word' id='word_1_65' title='bbox 500 1281 570 1334; x_wconf 84' lang='lat' dir='ltr'><strong>tuoe</strong></span> <span class='ocrx_word' id='word_1_66' title='bbox 589 1273 789 1354; x_wconf 73' lang='lat' dir='ltr'><strong>praedixisti,</strong></span> <span class='ocrx_word' id='word_1_67' title='bbox 810 1277 899 1338; x_wconf 80' lang='lat' dir='ltr'><strong>sertio</strong></span> <span class='ocrx_word' id='word_1_68' title='bbox 911 1271 1098 1355; x_wconf 77' lang='lat' dir='ltr'><strong>adimplesti.</strong></span> 
     </span>
     <span class='ocr_line' id='line_1_10' title="bbox 61 1379 1098 1474; baseline -0.006 -20"><span class='ocrx_word' id='word_1_69' title='bbox 61 1389 242 1454; x_wconf 82' lang='lat' dir='ltr'><strong>Redemisii</strong></span> <span class='ocrx_word' id='word_1_70' title='bbox 260 1387 352 1451; x_wconf 79' lang='lat' dir='ltr'><strong>vitoe</strong></span> <span class='ocrx_word' id='word_1_71' title='bbox 372 1409 429 1469; x_wconf 85' lang='lat' dir='ltr'><strong>per</strong></span> <span class='ocrx_word' id='word_1_72' title='bbox 446 1407 567 1450; x_wconf 79' lang='lat' dir='ltr'><strong>erucem</strong></span> <span class='ocrx_word' id='word_1_73' title='bbox 590 1400 691 1466; x_wconf 73' lang='lat' dir='ltr'><strong>mem,</strong></span> <span class='ocrx_word' id='word_1_74' title='bbox 713 1402 747 1456; x_wconf 89' lang='lat' dir='ltr'><strong>ei</strong></span> <span class='ocrx_word' id='word_1_75' title='bbox 763 1415 821 1474; x_wconf 88' lang='lat' dir='ltr'><strong>per</strong></span> <span class='ocrx_word' id='word_1_76' title='bbox 842 1379 974 1456; x_wconf 83' lang='lat' dir='ltr'><strong>mortein</strong></span> <span class='ocrx_word' id='word_1_77' title='bbox 996 1388 1098 1452; x_wconf 82' lang='lat' dir='ltr'><strong>erneis</strong></span> 
     </span>
     <span class='ocr_line' id='line_1_11' title="bbox 64 1489 1098 1588; baseline -0.002 -18"><span class='ocrx_word' id='word_1_78' title='bbox 64 1510 107 1571; x_wconf 78' lang='lat' dir='ltr'><strong>ad</strong></span> <span class='ocrx_word' id='word_1_79' title='bbox 125 1529 193 1575; x_wconf 79' lang='lat' dir='ltr'><strong>noe,</strong></span> <span class='ocrx_word' id='word_1_80' title='bbox 212 1506 412 1582; x_wconf 81' lang='lat' dir='ltr'><strong>descendisti,</strong></span> <span class='ocrx_word' id='word_1_81' title='bbox 447 1514 482 1570; x_wconf 81' lang='lat' dir='ltr'><strong>nt</strong></span> <span class='ocrx_word' id='word_1_82' title='bbox 507 1509 644 1588; x_wconf 84' lang='lat' dir='ltr'><strong>eriperes</strong></span> <span class='ocrx_word' id='word_1_83' title='bbox 671 1531 728 1571; x_wconf 84' lang='lat' dir='ltr'><strong>noe</strong></span> <span class='ocrx_word' id='word_1_84' title='bbox 749 1512 786 1572; x_wconf 78' lang='lat' dir='ltr'><strong>ab</strong></span> <span class='ocrx_word' id='word_1_85' title='bbox 808 1489 921 1573; x_wconf 83' lang='lat' dir='ltr'><strong>inferio</strong></span> <span class='ocrx_word' id='word_1_86' title='bbox 943 1517 976 1570; x_wconf 84' lang='lat' dir='ltr'><strong>oi</strong></span> <span class='ocrx_word' id='word_1_87' title='bbox 996 1515 1098 1569; x_wconf 83' lang='lat' dir='ltr'><strong>morte</strong></span> 
     </span>
     <span class='ocr_line' id='line_1_12' title="bbox 64 1611 1096 1710; baseline -0.002 -22"><span class='ocrx_word' id='word_1_88' title='bbox 64 1647 127 1710; x_wconf 90' lang='lat' dir='ltr'><strong>per</strong></span> <span class='ocrx_word' id='word_1_89' title='bbox 146 1613 338 1708; x_wconf 73' lang='lat' dir='ltr'><strong>majestatem</strong></span> <span class='ocrx_word' id='word_1_90' title='bbox 367 1635 461 1685; x_wconf 85' lang='lat' dir='ltr'><strong>tuum.</strong></span> <span class='ocrx_word' id='word_1_91' title='bbox 525 1611 677 1704; x_wconf 44' lang='lat' dir='ltr'><strong>Dominess</strong></span> <span class='ocrx_word' id='word_1_92' title='bbox 705 1621 786 1687; x_wconf 78' lang='lat' dir='ltr'><strong>siout</strong></span> <span class='ocrx_word' id='word_1_93' title='bbox 804 1625 940 1708; x_wconf 85' lang='lat' dir='ltr'><strong>posuisti</strong></span> <span class='ocrx_word' id='word_1_94' title='bbox 967 1625 1096 1686; x_wconf 88' lang='lat' dir='ltr'><strong>titulum</strong></span> 
     </span>
     <span class='ocr_line' id='line_1_13' title="bbox 61 1721 1097 1832; baseline -0.003 -25"><span class='ocrx_word' id='word_1_95' title='bbox 61 1746 185 1830; x_wconf 73' lang='lat' dir='ltr'><strong>gloriae</strong></span> <span class='ocrx_word' id='word_1_96' title='bbox 220 1753 291 1804; x_wconf 82' lang='lat' dir='ltr'><strong>iuee</strong></span> <span class='ocrx_word' id='word_1_97' title='bbox 321 1742 356 1806; x_wconf 86' lang='lat' dir='ltr'><strong>in</strong></span> <span class='ocrx_word' id='word_1_98' title='bbox 383 1742 487 1816; x_wconf 82' lang='lat' dir='ltr'><strong>coelo,</strong></span> <span class='ocrx_word' id='word_1_99' title='bbox 527 1751 559 1802; x_wconf 85' lang='lat' dir='ltr'><strong>ei</strong></span> <span class='ocrx_word' id='word_1_100' title='bbox 572 1827 574 1832; x_wconf 23' lang='grc' dir='ltr'>Ι</span> <span class='ocrx_word' id='word_1_101' title='bbox 587 1744 715 1822; x_wconf 57' lang='lat' dir='ltr'><strong>erexisti</strong></span> <span class='ocrx_word' id='word_1_102' title='bbox 739 1745 869 1806; x_wconf 83' lang='lat' dir='ltr'><strong>titulum</strong></span> <span class='ocrx_word' id='word_1_103' title='bbox 895 1721 1097 1807; x_wconf 75' lang='lat' dir='ltr'><strong>rbdomiionie</strong></span> 
     </span>
     <span class='ocr_line' id='line_1_14' title="bbox 64 1860 1097 1943; baseline -0.006 -17"><span class='ocrx_word' id='word_1_104' title='bbox 64 1885 189 1926; x_wconf 81' lang='lat' dir='ltr'><strong>erucem</strong></span> <span class='ocrx_word' id='word_1_105' title='bbox 209 1871 294 1923; x_wconf 85' lang='lat' dir='ltr'><strong>tuem</strong></span> <span class='ocrx_word' id='word_1_106' title='bbox 316 1862 349 1921; x_wconf 84' lang='lat' dir='ltr'><strong>in</strong></span> <span class='ocrx_word' id='word_1_107' title='bbox 376 1860 483 1921; x_wconf 80' lang='lat' dir='ltr'><strong>terrie:</strong></span> <span class='ocrx_word' id='word_1_108' title='bbox 503 1861 546 1921; x_wconf 81' lang='lat' dir='ltr'><strong>ite</strong></span> <span class='ocrx_word' id='word_1_109' title='bbox 565 1881 663 1940; x_wconf 85' lang='lat' dir='ltr'><strong>pone,</strong></span> <span class='ocrx_word' id='word_1_110' title='bbox 685 1861 825 1938; x_wconf 86' lang='lat' dir='ltr'><strong>domine,</strong></span> <span class='ocrx_word' id='word_1_111' title='bbox 845 1861 967 1943; x_wconf 74' lang='lat' dir='ltr'><strong>signam</strong></span> <span class='ocrx_word' id='word_1_112' title='bbox 987 1860 1022 1920; x_wconf 90' lang='lat' dir='ltr'><strong>in</strong></span> <span class='ocrx_word' id='word_1_113' title='bbox 1043 1861 1097 1921; x_wconf 84' lang='lat' dir='ltr'><strong>in-</strong></span> 
     </span>
     <span class='ocr_line' id='line_1_15' title="bbox 64 1980 1096 2060; baseline -0.002 -16"><span class='ocrx_word' id='word_1_114' title='bbox 64 1985 155 2046; x_wconf 83' lang='lat' dir='ltr'><strong>ferno</strong></span> <span class='ocrx_word' id='word_1_115' title='bbox 184 1980 336 2043; x_wconf 77' lang='lat' dir='ltr'><strong>victorine</strong></span> <span class='ocrx_word' id='word_1_116' title='bbox 358 1980 458 2040; x_wconf 85' lang='lat' dir='ltr'><strong>crucia</strong></span> <span class='ocrx_word' id='word_1_117' title='bbox 482 1987 569 2054; x_wconf 82' lang='lat' dir='ltr'><strong>iure,</strong></span> <span class='ocrx_word' id='word_1_118' title='bbox 591 2002 630 2040; x_wconf 91' lang='lat' dir='ltr'><strong>ne</strong></span> <span class='ocrx_word' id='word_1_119' title='bbox 654 2001 737 2042; x_wconf 86' lang='lat' dir='ltr'><strong>more</strong></span> <span class='ocrx_word' id='word_1_120' title='bbox 758 1981 936 2042; x_wconf 82' lang='lat' dir='ltr'><strong>dominetur</strong></span> <span class='ocrx_word' id='word_1_121' title='bbox 955 1980 1096 2060; x_wconf 83' lang='lat' dir='ltr'><strong>emplius.</strong></span> 
     </span>
    </p>
   </div>
   <div class='ocr_carea' id='block_1_5' title="bbox 65 2173 269 2192">
    <p class='ocr_par' dir='ltr' id='par_1_5' title="bbox 65 2173 269 2192">
     <span class='ocr_line' id='line_1_16' title="bbox 65 2173 269 2192; baseline 0 0"><span class='ocrx_word' id='word_1_122' title='bbox 65 2173 269 2192; x_wconf 67' lang='lat' dir='ltr'><strong>—n--—-·*</strong></span> 
     </span>
    </p>
   </div>
   <div class='ocr_carea' id='block_1_6' title="bbox 13 2312 1136 4085">
    <p class='ocr_par' dir='ltr' id='par_1_6' title="bbox 13 2312 1136 4085">
     <span class='ocr_line' id='line_1_17' title="bbox 65 2312 1096 2382; baseline -0.006 -10"><span class='ocrx_word' id='word_1_123' title='bbox 65 2319 182 2374; x_wconf 74' lang='lat' dir='ltr'><strong>disordit</strong></span> <span class='ocrx_word' id='word_1_124' title='bbox 197 2319 253 2370; x_wconf 73' lang='lat' dir='ltr'><strong>tior</strong></span> <span class='ocrx_word' id='word_1_125' title='bbox 276 2313 353 2364; x_wconf 81' lang='lat' dir='ltr'><strong>Siout</strong></span> <span class='ocrx_word' id='word_1_126' title='bbox 363 2312 482 2382; x_wconf 89' lang='lat' dir='ltr'><strong>posuisti</strong></span> <span class='ocrx_word' id='word_1_127' title='bbox 494 2313 522 2362; x_wconf 91' lang='lat' dir='ltr'><strong>in</strong></span> <span class='ocrx_word' id='word_1_128' title='bbox 537 2313 621 2377; x_wconf 78' lang='lat' dir='ltr'><strong>coelo,</strong></span> <span class='ocrx_word' id='word_1_129' title='bbox 642 2315 754 2379; x_wconf 81' lang='lat' dir='ltr'><strong>domine,</strong></span> <span class='ocrx_word' id='word_1_130' title='bbox 772 2315 881 2366; x_wconf 88' lang='lat' dir='ltr'><strong>titulum</strong></span> <span class='ocrx_word' id='word_1_131' title='bbox 897 2324 982 2379; x_wconf 86' lang='lat' dir='ltr'><strong>tuum,</strong></span> <span class='ocrx_word' id='word_1_132' title='bbox 999 2323 1026 2364; x_wconf 90' lang='lat' dir='ltr'><strong>et</strong></span> <span class='ocrx_word' id='word_1_133' title='bbox 1043 2313 1096 2366; x_wconf 83' lang='lat' dir='ltr'><strong>sic·</strong></span> 
     </span>
     <span class='ocr_line' id='line_1_18' title="bbox 66 2396 1096 2468; baseline -0.006 -13"><span class='ocrx_word' id='word_1_134' title='bbox 66 2413 97 2457; x_wconf 85' lang='lat' dir='ltr'><strong>ut</strong></span> <span class='ocrx_word' id='word_1_135' title='bbox 114 2400 229 2455; x_wconf 75' lang='lat' dir='ltr'><strong>erexisti</strong></span> <span class='ocrx_word' id='word_1_136' title='bbox 245 2415 345 2456; x_wconf 83' lang='lat' dir='ltr'><strong>crucem</strong></span> <span class='ocrx_word' id='word_1_137' title='bbox 363 2397 393 2449; x_wconf 88' lang='lat' dir='ltr'><strong>in</strong></span> <span class='ocrx_word' id='word_1_138' title='bbox 411 2396 508 2450; x_wconf 84' lang='lat' dir='ltr'><strong>terris.-</strong></span> <span class='ocrx_word' id='word_1_139' title='bbox 537 2399 579 2451; x_wconf 91' lang='lat' dir='ltr'><strong>iia</strong></span> <span class='ocrx_word' id='word_1_140' title='bbox 594 2398 705 2451; x_wconf 89' lang='lat' dir='ltr'><strong>titulum</strong></span> <span class='ocrx_word' id='word_1_141' title='bbox 721 2400 893 2451; x_wconf 76' lang='lat' dir='ltr'><strong>redemtionis</strong></span> <span class='ocrx_word' id='word_1_142' title='bbox 906 2415 990 2468; x_wconf 85' lang='lat' dir='ltr'><strong>pone,</strong></span> <span class='ocrx_word' id='word_1_143' title='bbox 1012 2398 1096 2450; x_wconf 85' lang='lat' dir='ltr'><strong>dorni-</strong></span> 
     </span>
     <span class='ocr_line' id='line_1_19' title="bbox 67 2479 1098 2556; baseline -0.006 -16"><span class='ocrx_word' id='word_1_144' title='bbox 67 2507 114 2556; x_wconf 87' lang='lat' dir='ltr'><strong>ne‚</strong></span> <span class='ocrx_word' id='word_1_145' title='bbox 144 2488 174 2538; x_wconf 87' lang='lat' dir='ltr'><strong>in</strong></span> <span class='ocrx_word' id='word_1_146' title='bbox 192 2483 298 2556; x_wconf 84' lang='lat' dir='ltr'><strong>inferno</strong></span> <span class='ocrx_word' id='word_1_147' title='bbox 317 2483 346 2533; x_wconf 89' lang='lat' dir='ltr'><strong>in</strong></span> <span class='ocrx_word' id='word_1_148' title='bbox 364 2481 471 2551; x_wconf 81' lang='lat' dir='ltr'><strong>signum</strong></span> <span class='ocrx_word' id='word_1_149' title='bbox 487 2484 658 2534; x_wconf 71' lang='lat' dir='ltr'><strong>redemtionis</strong></span> <span class='ocrx_word' id='word_1_150' title='bbox 676 2493 703 2535; x_wconf 92' lang='lat' dir='ltr'><strong>et</strong></span> <span class='ocrx_word' id='word_1_151' title='bbox 722 2483 852 2536; x_wconf 82' lang='lat' dir='ltr'><strong>victoriae</strong></span> <span class='ocrx_word' id='word_1_152' title='bbox 875 2479 965 2548; x_wconf 80' lang='lat' dir='ltr'><strong>tuae,&#39;</strong></span> <span class='ocrx_word' id='word_1_153' title='bbox 978 2501 1011 2534; x_wconf 84' lang='lat' dir='ltr'><strong>ne</strong></span> <span class='ocrx_word' id='word_1_154' title='bbox 1027 2499 1098 2534; x_wconf 83' lang='lat' dir='ltr'><strong>mors</strong></span> 
     </span>
     <span class='ocr_line' id='line_1_20' title="bbox 67 2559 1097 2638; baseline -0.006 -11"><span class='ocrx_word' id='word_1_155' title='bbox 67 2575 219 2627; x_wconf 73' lang='lat' dir='ltr'><strong>dominetur</strong></span> <span class='ocrx_word' id='word_1_156' title='bbox 241 2565 365 2636; x_wconf 80' lang='lat' dir='ltr'><strong>emplius.</strong></span> <span class='ocrx_word' id='word_1_157' title='bbox 405 2563 554 2635; x_wconf 79' lang='lat' dir='ltr'><strong>Quaeritur</strong></span> <span class='ocrx_word' id='word_1_158' title='bbox 577 2572 665 2631; x_wconf 81' lang='lat' dir='ltr'><strong>enim,</strong></span> <span class='ocrx_word' id='word_1_159' title='bbox 691 2574 755 2638; x_wconf 87' lang='lat' dir='ltr'><strong>quis</strong></span> <span class='ocrx_word' id='word_1_160' title='bbox 777 2573 813 2622; x_wconf 87' lang='lat' dir='ltr'><strong>sit</strong></span> <span class='ocrx_word' id='word_1_161' title='bbox 832 2570 928 2638; x_wconf 74' lang='lat' dir='ltr'><strong>titulus</strong></span> <span class='ocrx_word' id='word_1_162' title='bbox 947 2559 1051 2638; x_wconf 80' lang='lat' dir='ltr'><strong>g&#39;iortee</strong></span> <span class='ocrx_word' id='word_1_163' title='bbox 1066 2571 1097 2621; x_wconf 81' lang='lat' dir='ltr'><strong>irs</strong></span> 
     </span>
     <span class='ocr_line' id='line_1_21' title="bbox 67 2651 1099 2723; baseline -0.01 -10"><span class='ocrx_word' id='word_1_164' title='bbox 67 2660 146 2713; x_wconf 82' lang='lat' dir='ltr'><strong>coelo</strong></span> <span class='ocrx_word' id='word_1_165' title='bbox 170 2659 285 2723; x_wconf 87' lang='lat' dir='ltr'><strong>positus.</strong></span> <span class='ocrx_word' id='word_1_166' title='bbox 307 2653 461 2708; x_wconf 74' lang='lat' dir='ltr'><strong>&#39;Fabricius</strong></span> <span class='ocrx_word' id='word_1_167' title='bbox 483 2653 517 2706; x_wconf 83' lang='lat' dir='ltr'><strong>ed</strong></span> <span class='ocrx_word' id='word_1_168' title='bbox 539 2653 568 2706; x_wconf 87' lang='lat' dir='ltr'><strong>h.</strong></span> <span class='ocrx_word' id='word_1_169' title='bbox 587 2655 606 2706; x_wconf 92' lang='lat' dir='ltr'><strong>i.</strong></span> <span class='ocrx_word' id='word_1_170' title='bbox 630 2654 768 2708; x_wconf 73' lang='lat' dir='ltr'><strong>adnotavit</strong></span> <span class='ocrx_word' id='word_1_171' title='bbox 791 2654 874 2708; x_wconf 76' lang='lat' dir='ltr'><strong>bueo:</strong></span> <span class='ocrx_word' id='word_1_172' title='bbox 910 2653 1022 2722; x_wconf 79' lang='lat' dir='ltr'><strong>Signum</strong></span> <span class='ocrx_word' id='word_1_173' title='bbox 1036 2651 1099 2720; x_wconf 86' lang='lat' dir='ltr'><strong>filii</strong></span> 
     </span>
     <span class='ocr_line' id='line_1_22' title="bbox 67 2725 1099 2836; baseline -0.008 -40"><span class='ocrx_word' id='word_1_174' title='bbox 67 2741 185 2795; x_wconf 85' lang='lat' dir='ltr'><strong>bominis</strong></span> <span class='ocrx_word' id='word_1_175' title='bbox 207 2740 236 2790; x_wconf 90' lang='lat' dir='ltr'><strong>in</strong></span> <span class='ocrx_word' id='word_1_176' title='bbox 257 2739 329 2791; x_wconf 82' lang='lat' dir='ltr'><strong>coela</strong></span> <span class='ocrx_word' id='word_1_177' title='bbox 338 2739 456 2836; x_wconf 48' lang='lat' dir='ltr'><strong>ldaitle.</strong></span> <span class='ocrx_word' id='word_1_178' title='bbox 474 2739 583 2806; x_wconf 76' lang='lat' dir='ltr'><em>XXIV,</em></span> <span class='ocrx_word' id='word_1_179' title='bbox 600 2741 643 2791; x_wconf 79' lang='lat'><strong>30.</strong></span> <span class='ocrx_word' id='word_1_180' title='bbox 667 2741 737 2805; x_wconf 79' lang='lat' dir='ltr'><strong>quod</strong></span> <span class='ocrx_word' id='word_1_181' title='bbox 762 2725 977 2807; x_wconf 73' lang='lat' dir='ltr'><strong>l&#39;lreopliylaotus</strong></span> <span class='ocrx_word' id='word_1_182' title='bbox 997 2747 1026 2789; x_wconf 89' lang='lat' dir='ltr'><strong>et</strong></span> <span class='ocrx_word' id='word_1_183' title='bbox 1047 2736 1099 2789; x_wconf 86' lang='lat' dir='ltr'><strong>ulii</strong></span> 
     </span>
     <span class='ocr_line' id='line_1_23' title="bbox 67 2818 1097 2892; baseline -0.006 -11"><span class='ocrx_word' id='word_1_184' title='bbox 67 2837 173 2881; x_wconf 72' lang='lat' dir='ltr'><strong>ueteres</strong></span> <span class='ocrx_word' id='word_1_185' title='bbox 190 2826 222 2876; x_wconf 90' lang='lat' dir='ltr'><strong>de</strong></span> <span class='ocrx_word' id='word_1_186' title='bbox 238 2843 314 2876; x_wconf 83' lang='lat' dir='ltr'><strong>crure</strong></span> <span class='ocrx_word' id='word_1_187' title='bbox 333 2832 557 2892; x_wconf 78' lang='lat' dir='ltr'><strong>interpretantur.</strong></span> <span class='ocrx_word' id='word_1_188' title='bbox 593 2824 660 2875; x_wconf 82' lang='lat' dir='ltr'><strong>Vide</strong></span> <span class='ocrx_word' id='word_1_189' title='bbox 675 2818 765 2874; x_wconf 86' lang='lat' dir='ltr'><strong>Vossii</strong></span> <span class='ocrx_word' id='word_1_190' title='bbox 783 2823 880 2882; x_wconf 74' lang='lat' dir='ltr'><strong>Tbeses</strong></span> <span class='ocrx_word' id='word_1_191' title='bbox 896 2821 977 2882; x_wconf 73' lang='lat' dir='ltr'><strong>theol.</strong></span> <span class='ocrx_word' id='word_1_192' title='bbox 991 2839 1022 2891; x_wconf 87' lang='lat' dir='ltr'><strong>p.</strong></span> <span class='ocrx_word' id='word_1_193' title='bbox 1037 2821 1097 2882; x_wconf 77' lang='lat'><strong>228¹.</strong></span> 
     </span>
     <span class='ocr_line' id='line_1_24' title="bbox 68 2901 1099 2982; baseline -0.009 -16"><span class='ocrx_word' id='word_1_194' title='bbox 68 2932 110 2982; x_wconf 75' lang='lat' dir='ltr'><strong>sp.</strong></span> <span class='ocrx_word' id='word_1_195' title='bbox 137 2911 204 2978; x_wconf 65' lang='lat' dir='ltr'><strong>¹top.</strong></span> <span class='ocrx_word' id='word_1_196' title='bbox 222 2911 302 2963; x_wconf 83' lang='lat' dir='ltr'><strong>Tom.</strong></span> <span class='ocrx_word' id='word_1_197' title='bbox 317 2901 369 2974; x_wconf 67' lang='lat' dir='ltr'><strong>VI·</strong></span> <span class='ocrx_word' id='word_1_198' title='bbox 389 2925 418 2976; x_wconf 89' lang='lat' dir='ltr'><strong>p.</strong></span> <span class='ocrx_word' id='word_1_199' title='bbox 433 2905 505 2973; x_wconf 78' lang='lat'><strong>416.)</strong></span> <span class='ocrx_word' id='word_1_200' title='bbox 539 2909 632 2958; x_wconf 81' lang='lat' dir='ltr'><strong>Possis</strong></span> <span class='ocrx_word' id='word_1_201' title='bbox 649 2917 676 2958; x_wconf 86' lang='lat' dir='ltr'><strong>et</strong></span> <span class='ocrx_word' id='word_1_202' title='bbox 693 2907 844 2977; x_wconf 83' lang='lat' dir='ltr'><strong>intelligere</strong></span> <span class='ocrx_word' id='word_1_203' title='bbox 861 2908 889 2958; x_wconf 84' lang='lat' dir='ltr'><strong>in</strong></span> <span class='ocrx_word' id='word_1_204' title='bbox 906 2907 956 2960; x_wconf 73' lang='lat' dir='ltr'><strong>lsoo</strong></span> <span class='ocrx_word' id='word_1_205' title='bbox 977 2907 1099 2960; x_wconf 85' lang='lat' dir='ltr'><strong>Pseudo·</strong></span> 
     </span>
     <span class='ocr_line' id='line_1_25' title="bbox 70 2991 1098 3060; baseline -0.007 -10"><span class='ocrx_word' id='word_1_206' title='bbox 70 2996 211 3050; x_wconf 88' lang='lat' dir='ltr'><strong>Nicodemi</strong></span> <span class='ocrx_word' id='word_1_207' title='bbox 227 2995 284 3047; x_wconf 84' lang='lat' dir='ltr'><strong>loco</strong></span> <span class='ocrx_word' id='word_1_208' title='bbox 302 3012 402 3046; x_wconf 88' lang='lat' dir='ltr'><strong>cruaem</strong></span> <span class='ocrx_word' id='word_1_209' title='bbox 427 2993 455 3044; x_wconf 92' lang='lat' dir='ltr'><strong>in</strong></span> <span class='ocrx_word' id='word_1_210' title='bbox 473 2993 617 3050; x_wconf 77' lang='lat' dir='ltr'><strong>dolonibus</strong></span> <span class='ocrx_word' id='word_1_211' title='bbox 634 2992 772 3046; x_wconf 83' lang='lat' dir='ltr'><strong>lunaribus</strong></span> <span class='ocrx_word' id='word_1_212' title='bbox 789 2991 832 3044; x_wconf 81' lang='lat' dir='ltr'><strong>uel</strong></span> <span class='ocrx_word' id='word_1_213' title='bbox 847 2991 997 3054; x_wconf 82' lang='lat' dir='ltr'><strong>solaribus,</strong></span> <span class='ocrx_word' id='word_1_214' title='bbox 1024 2994 1098 3060; x_wconf 83' lang='lat' dir='ltr'><strong>cujus</strong></span> 
     </span>
     <span class='ocr_line' id='line_1_26' title="bbox 66 3075 1102 3154; baseline -0.008 -20"><span class='ocrx_word' id='word_1_215' title='bbox 66 3082 200 3154; x_wconf 74' lang='lat' dir='ltr'><strong>postremi</strong></span> <span class='ocrx_word' id='word_1_216' title='bbox 218 3080 324 3150; x_wconf 83' lang='lat' dir='ltr'><strong>generis</strong></span> <span class='ocrx_word' id='word_1_217' title='bbox 342 3079 449 3131; x_wconf 80' lang='lat' dir='ltr'><strong>videtur</strong></span> <span class='ocrx_word' id='word_1_218' title='bbox 462 3076 569 3147; x_wconf 75' lang='lat' dir='ltr'><strong>fuisse,</strong></span> <span class='ocrx_word' id='word_1_219' title='bbox 594 3095 662 3143; x_wconf 84' lang='lat' dir='ltr'><strong>quae</strong></span> <span class='ocrx_word' id='word_1_220' title='bbox 680 3078 860 3129; x_wconf 80' lang='lat' dir='ltr'><strong>Constantina</strong></span> <span class='ocrx_word' id='word_1_221' title='bbox 882 3077 920 3128; x_wconf 82' lang='lat' dir='ltr'><strong>M.</strong></span> <span class='ocrx_word' id='word_1_222' title='bbox 943 3075 1102 3144; x_wconf 86' lang='lat' dir='ltr'><strong>imperatori</strong></span> 
     </span>
     <span class='ocr_line' id='line_1_27' title="bbox 70 3156 1101 3234; baseline -0.003 -18"><span class='ocrx_word' id='word_1_223' title='bbox 70 3171 99 3220; x_wconf 81' lang='lat' dir='ltr'><strong>in</strong></span> <span class='ocrx_word' id='word_1_224' title='bbox 118 3166 194 3221; x_wconf 76' lang='lat' dir='ltr'><strong>eaelo</strong></span> <span class='ocrx_word' id='word_1_225' title='bbox 212 3165 349 3234; x_wconf 86' lang='lat' dir='ltr'><strong>apparuit.</strong></span> <span class='ocrx_word' id='word_1_226' title='bbox 373 3165 478 3214; x_wconf 83' lang='lat' dir='ltr'><strong>Narrat</strong></span> <span class='ocrx_word' id='word_1_227' title='bbox 494 3164 564 3214; x_wconf 90' lang='lat' dir='ltr'><strong>enim</strong></span> <span class='ocrx_word' id='word_1_228' title='bbox 580 3160 712 3213; x_wconf 77' lang='lat' dir='ltr'><strong>Eusebius</strong></span> <span class='ocrx_word' id='word_1_229' title='bbox 725 3161 813 3224; x_wconf 77' lang='lat' dir='ltr'><strong>faisse</strong></span> <span class='ocrx_word' id='word_1_230' title='bbox 827 3156 898 3229; x_wconf 69' lang='grc' dir='ltr'><strong>ἀμφὶ</strong></span> <span class='ocrx_word' id='word_1_231' title='bbox 911 3157 1101 3229; x_wconf 59' lang='grc' dir='ltr'><strong>μεσημβρινὰ</strong></span> 
     </span>
     <span class='ocr_line' id='line_1_28' title="bbox 70 3237 1101 3323; baseline -0.009 -17"><span class='ocrx_word' id='word_1_232' title='bbox 70 3251 149 3323; x_wconf 69' lang='grc' dir='ltr'><strong><em>ἡλίου</em></strong></span> <span class='ocrx_word' id='word_1_233' title='bbox 164 3245 245 3317; x_wconf 70' lang='grc' dir='ltr'><em>ὥρας,</em></span> <span class='ocrx_word' id='word_1_234' title='bbox 265 3259 291 3300; x_wconf 88' lang='lat' dir='ltr'><strong>et</strong></span> <span class='ocrx_word' id='word_1_235' title='bbox 308 3247 338 3300; x_wconf 81' lang='grc' dir='ltr'><strong>ἐν</strong></span> <span class='ocrx_word' id='word_1_236' title='bbox 354 3243 460 3316; x_wconf 70' lang='lat' dir='ltr'><strong>odoarii</strong></span> <span class='ocrx_word' id='word_1_237' title='bbox 475 3244 666 3314; x_wconf 75' lang='lat' dir='ltr'><strong>inspuelpevou</strong></span> <span class='ocrx_word' id='word_1_238' title='bbox 683 3241 731 3298; x_wconf 77' lang='lat' dir='ltr'><strong>roi</strong></span> <span class='ocrx_word' id='word_1_239' title='bbox 747 3241 821 3312; x_wconf 78' lang='grc' dir='ltr'><strong><em>ἡλίου</em></strong></span> <span class='ocrx_word' id='word_1_240' title='bbox 838 3237 952 3312; x_wconf 73' lang='grc' dir='ltr'><strong><em>σταυροῦ</em></strong></span> <span class='ocrx_word' id='word_1_241' title='bbox 965 3238 1101 3311; x_wconf 71' lang='grc' dir='ltr'><strong>τρόπαιον</strong></span> 
     </span>
     <span class='ocr_line' id='line_1_29' title="bbox 70 3319 1110 3404; baseline -0.012 -12"><span class='ocrx_word' id='word_1_242' title='bbox 70 3337 100 3392; x_wconf 80' lang='lat' dir='ltr'><strong>e&#39;e</strong></span> <span class='ocrx_word' id='word_1_243' title='bbox 118 3333 212 3404; x_wconf 74' lang='lat' dir='ltr'><strong>spurii</strong></span> <span class='ocrx_word' id='word_1_244' title='bbox 229 3329 419 3400; x_wconf 74' lang='grc' dir='ltr'><strong>συνιστάμενον</strong></span> <span class='ocrx_word' id='word_1_245' title='bbox 436 3330 484 3385; x_wconf 88' lang='lat' dir='ltr'><strong>lib.</strong></span> <span class='ocrx_word' id='word_1_246' title='bbox 501 3335 525 3382; x_wconf 83' lang='grc' dir='ltr'><strong>Ι.</strong></span> <span class='ocrx_word' id='word_1_247' title='bbox 544 3332 576 3381; x_wconf 89' lang='lat' dir='ltr'><strong>de</strong></span> <span class='ocrx_word' id='word_1_248' title='bbox 593 3333 652 3380; x_wconf 81' lang='lat' dir='ltr'><strong>viia</strong></span> <span class='ocrx_word' id='word_1_249' title='bbox 671 3333 814 3384; x_wconf 77' lang='lat' dir='ltr'><strong>Constant.</strong></span> <span class='ocrx_word' id='word_1_250' title='bbox 832 3347 892 3398; x_wconf 84' lang='lat' dir='ltr'><strong>cop.</strong></span> <span class='ocrx_word' id='word_1_251' title='bbox 908 3329 951 3380; x_wconf 78' lang='lat'><strong>28.</strong></span> <span class='ocrx_word' id='word_1_252' title='bbox 981 3319 1110 3380; x_wconf 74' lang='lat' dir='ltr'><strong>Similem&#39;</strong></span> 
     </span>
     <span class='ocr_line' id='line_1_30' title="bbox 13 3412 1120 3486; baseline -0.008 -11"><span class='ocrx_word' id='word_1_253' title='bbox 13 3427 14 3434; x_wconf 74' lang='grc'>’</span> <span class='ocrx_word' id='word_1_254' title='bbox 71 3441 174 3476; x_wconf 82' lang='lat' dir='ltr'><strong>erucem</strong></span> <span class='ocrx_word' id='word_1_255' title='bbox 192 3421 220 3470; x_wconf 86' lang='lat' dir='ltr'><strong>in</strong></span> <span class='ocrx_word' id='word_1_256' title='bbox 238 3419 310 3471; x_wconf 89' lang='lat' dir='ltr'><strong>coelo</strong></span> <span class='ocrx_word' id='word_1_257' title='bbox 329 3417 487 3486; x_wconf 77' lang='lat' dir='ltr'><strong>apparuisse</strong></span> <span class='ocrx_word' id='word_1_258' title='bbox 503 3412 591 3482; x_wconf 86' lang='lat' dir='ltr'><strong>resert</strong></span> <span class='ocrx_word' id='word_1_259' title='bbox 610 3414 799 3476; x_wconf 71' lang='lat' dir='ltr'><strong>Nazianzenus</strong></span> <span class='ocrx_word' id='word_1_260' title='bbox 818 3415 895 3465; x_wconf 84' lang='lat' dir='ltr'><strong>Orat.</strong></span> <span class='ocrx_word' id='word_1_261' title='bbox 908 3413 1031 3466; x_wconf 82' lang='lat' dir='ltr'><strong>IV..oum</strong></span> <span class='ocrx_word' id='word_1_262' title='bbox 1052 3417 1120 3466; x_wconf 83' lang='lat' dir='ltr'><strong>Ju-·</strong></span> 
     </span>
     <span class='ocr_line' id='line_1_31' title="bbox 73 3479 1101 3569; baseline -0.008 -9"><span class='ocrx_word' id='word_1_263' title='bbox 73 3507 137 3560; x_wconf 87' lang='lat' dir='ltr'><strong>daei</strong></span> <span class='ocrx_word' id='word_1_264' title='bbox 156 3502 267 3569; x_wconf 75' lang='lat' dir='ltr'><strong>iubente</strong></span> <span class='ocrx_word' id='word_1_265' title='bbox 289 3501 400 3555; x_wconf 76' lang='lat' dir='ltr'><strong>Iuliano</strong></span> <span class='ocrx_word' id='word_1_266' title='bbox 422 3479 559 3568; x_wconf 50' lang='lat' dir='ltr'><strong>&#39;templum</strong></span> <span class='ocrx_word' id='word_1_267' title='bbox 586 3496 782 3565; x_wconf 78' lang='lat' dir='ltr'><strong>Hierosolymis</strong></span> <span class='ocrx_word' id='word_1_268' title='bbox 804 3507 958 3549; x_wconf 79' lang='lat' dir='ltr'><strong>restaurare</strong></span> <span class='ocrx_word' id='word_1_269' title='bbox 982 3497 1101 3552; x_wconf 79' lang='lat' dir='ltr'><strong>volentes</strong></span> 
     </span>
     <span class='ocr_line' id='line_1_32' title="bbox 72 3582 1103 3660; baseline -0.009 -17"><span class='ocrx_word' id='word_1_270' title='bbox 72 3599 233 3660; x_wconf 77' lang='lat' dir='ltr'><strong>tempestate</strong></span> <span class='ocrx_word' id='word_1_271' title='bbox 255 3589 387 3640; x_wconf 75' lang='lat' dir='ltr'><strong>horrenda</strong></span> <span class='ocrx_word' id='word_1_272' title='bbox 402 3597 439 3654; x_wconf 69' lang='lat' dir='ltr'><strong>¹et</strong></span> <span class='ocrx_word' id='word_1_273' title='bbox 460 3582 693 3656; x_wconf 79' lang='lat' dir='ltr'><strong>prorumpentibus</strong></span> <span class='ocrx_word' id='word_1_274' title='bbox 716 3601 729 3633; x_wconf 88' lang='lat' dir='ltr'><strong>e</strong></span> <span class='ocrx_word' id='word_1_275' title='bbox 749 3592 823 3634; x_wconf 84' lang='lat' dir='ltr'><strong>terra</strong></span> <span class='ocrx_word' id='word_1_276' title='bbox 841 3583 949 3654; x_wconf 80' lang='lat' dir='ltr'><strong>ignibus</strong></span> <span class='ocrx_word' id='word_1_277' title='bbox 968 3584 1103 3652; x_wconf 81' lang='lat' dir='ltr'><strong>prohibiti</strong></span> 
     </span>
     <span class='ocr_line' id='line_1_33' title="bbox 72 3663 1102 3748; baseline -0.007 -21"><span class='ocrx_word' id='word_1_278' title='bbox 72 3676 211 3748; x_wconf 77' lang='lat' dir='ltr'><strong>fuissent,</strong></span> <span class='ocrx_word' id='word_1_279' title='bbox 234 3672 292 3743; x_wconf 70' lang='lat' dir='ltr'><strong>pois</strong></span> <span class='ocrx_word' id='word_1_280' title='bbox 309 3673 338 3726; x_wconf 77' lang='lat' dir='ltr'><strong>lv</strong></span> <span class='ocrx_word' id='word_1_281' title='bbox 361 3667 399 3737; x_wconf 72' lang='lat' dir='ltr'><strong>uqi</strong></span> <span class='ocrx_word' id='word_1_282' title='bbox 418 3663 523 3738; x_wconf 73' lang='lat' dir='ltr'><strong>osipuuq&#39;i</strong></span> <span class='ocrx_word' id='word_1_283' title='bbox 538 3665 585 3722; x_wconf 81' lang='lat' dir='ltr'><strong>eiu</strong></span> <span class='ocrx_word' id='word_1_284' title='bbox 601 3664 719 3737; x_wconf 73' lang='lat' dir='ltr'><strong>osuopo&#39;t</strong></span> <span class='ocrx_word' id='word_1_285' title='bbox 736 3663 922 3737; x_wconf 77' lang='lat' dir='ltr'><strong>meprypoipuv.</strong></span> <span class='ocrx_word' id='word_1_286' title='bbox 965 3665 1048 3722; x_wconf 71' lang='lat' dir='ltr'><strong>Ideni</strong></span> <span class='ocrx_word' id='word_1_287' title='bbox 1059 3670 1102 3726; x_wconf 76' lang='lat' dir='ltr'><strong>tir</strong></span> 
     </span>
     <span class='ocr_line' id='line_1_34' title="bbox 76 3748 1136 3826; baseline -0.014 -11"><span class='ocrx_word' id='word_1_288' title='bbox 76 3763 172 3815; x_wconf 55' lang='lat' dir='ltr'><strong>motos</strong></span> <span class='ocrx_word' id='word_1_289' title='bbox 195 3765 226 3812; x_wconf 83' lang='lat' dir='ltr'><strong>io</strong></span> <span class='ocrx_word' id='word_1_290' title='bbox 251 3760 461 3826; x_wconf 71' lang='lat' dir='ltr'><strong>paralipomenis</strong></span> <span class='ocrx_word' id='word_1_291' title='bbox 493 3755 526 3807; x_wconf 82' lang='lat' dir='ltr'><strong>ed</strong></span> <span class='ocrx_word' id='word_1_292' title='bbox 551 3755 603 3806; x_wconf 84' lang='lat' dir='ltr'><strong>Er·</strong></span> <span class='ocrx_word' id='word_1_293' title='bbox 627 3751 725 3807; x_wconf 85' lang='lat' dir='ltr'><strong>Niood.</strong></span> <span class='ocrx_word' id='word_1_294' title='bbox 769 3752 882 3822; x_wconf 80' lang='lat' dir='ltr'><strong>Signum</strong></span> <span class='ocrx_word' id='word_1_295' title='bbox 904 3748 962 3817; x_wconf 80' lang='lat' dir='ltr'><strong>filii</strong></span> <span class='ocrx_word' id='word_1_296' title='bbox 987 3750 1103 3802; x_wconf 76' lang='lat' dir='ltr'><strong>dammis</strong></span> <span class='ocrx_word' id='word_1_297' title='bbox 1131 3769 1136 3776; x_wconf 90' lang='lat'>·</span> 
     </span>
     <span class='ocr_line' id='line_1_35' title="bbox 78 3834 1102 3907; baseline -0.011 -9"><span class='ocrx_word' id='word_1_298' title='bbox 78 3846 182 3900; x_wconf 74' lang='lat' dir='ltr'><strong>Metili.</strong></span> <span class='ocrx_word' id='word_1_299' title='bbox 201 3844 309 3907; x_wconf 82' lang='lat' dir='ltr'><em>XXIV,</em></span> <span class='ocrx_word' id='word_1_300' title='bbox 328 3843 372 3900; x_wconf 80' lang='lat' dir='ltr'><strong>bo.</strong></span> <span class='ocrx_word' id='word_1_301' title='bbox 389 3844 421 3893; x_wconf 90' lang='lat' dir='ltr'><strong>de</strong></span> <span class='ocrx_word' id='word_1_302' title='bbox 438 3858 513 3892; x_wconf 87' lang='lat' dir='ltr'><strong>eruoe</strong></span> <span class='ocrx_word' id='word_1_303' title='bbox 529 3839 745 3907; x_wconf 82' lang='lat' dir='ltr'><strong>interpretantur</strong></span> <span class='ocrx_word' id='word_1_304' title='bbox 765 3837 847 3887; x_wconf 89' lang='lat' dir='ltr'><strong>etiam</strong></span> <span class='ocrx_word' id='word_1_305' title='bbox 865 3834 983 3902; x_wconf 76' lang='lat' dir='ltr'><strong>cyrillus</strong></span> <span class='ocrx_word' id='word_1_306' title='bbox 999 3835 1102 3887; x_wconf 85' lang='lat' dir='ltr'><strong>Hiero·</strong></span> 
     </span>
     <span class='ocr_line' id='line_1_36' title="bbox 75 3919 1104 3999; baseline -0.01 -17"><span class='ocrx_word' id='word_1_307' title='bbox 75 3929 127 3982; x_wconf 80' lang='lat' dir='ltr'><strong>sol.</strong></span> <span class='ocrx_word' id='word_1_308' title='bbox 144 3928 261 3999; x_wconf 83' lang='lat' dir='ltr'><strong>epistola</strong></span> <span class='ocrx_word' id='word_1_309' title='bbox 284 3929 321 3978; x_wconf 82' lang='lat' dir='ltr'><strong>ad</strong></span> <span class='ocrx_word' id='word_1_310' title='bbox 343 3927 550 3992; x_wconf 77' lang='lat' dir='ltr'><strong>Constantium,&#39;</strong></span> <span class='ocrx_word' id='word_1_311' title='bbox 563 3924 623 3989; x_wconf 78' lang='lat' dir='ltr'><strong>(ed.</strong></span> <span class='ocrx_word' id='word_1_312' title='bbox 640 3921 736 3979; x_wconf 76' lang='lat' dir='ltr'><strong>Oxou·</strong></span> <span class='ocrx_word' id='word_1_313' title='bbox 758 3941 784 3988; x_wconf 90' lang='lat' dir='ltr'><strong>p.</strong></span> <span class='ocrx_word' id='word_1_314' title='bbox 803 3921 875 3987; x_wconf 83' lang='lat' dir='ltr'><strong>3⁰l·)</strong></span> <span class='ocrx_word' id='word_1_315' title='bbox 900 3919 1104 3978; x_wconf 76' lang='lat' dir='ltr'><strong>Glirrsosiomus</strong></span> 
     </span>
     <span class='ocr_line' id='line_1_37' title="bbox 76 4003 1104 4085; baseline -0.012 -17"><span class='ocrx_word' id='word_1_316' title='bbox 76 4016 151 4085; x_wconf 84' lang='lat' dir='ltr'><strong>opud</strong></span> <span class='ocrx_word' id='word_1_317' title='bbox 167 4017 262 4066; x_wconf 73' lang='lat' dir='ltr'><strong>ionem</strong></span> <span class='ocrx_word' id='word_1_318' title='bbox 280 4009 499 4066; x_wconf 79' lang='lat' dir='ltr'><strong>Atcrslianensem</strong></span> <span class='ocrx_word' id='word_1_319' title='bbox 522 4027 585 4078; x_wconf 78' lang='lat' dir='ltr'><strong>pag.</strong></span> <span class='ocrx_word' id='word_1_320' title='bbox 606 4008 679 4061; x_wconf 76' lang='lat'><strong>1225.</strong></span> <span class='ocrx_word' id='word_1_321' title='bbox 697 4019 723 4060; x_wconf 86' lang='lat' dir='ltr'><strong>et</strong></span> <span class='ocrx_word' id='word_1_322' title='bbox 745 4008 827 4059; x_wconf 83' lang='lat' dir='ltr'><strong>lonas</strong></span> <span class='ocrx_word' id='word_1_323' title='bbox 847 4007 903 4072; x_wconf 85' lang='lat' dir='ltr'><strong>ipte</strong></span> <span class='ocrx_word' id='word_1_324' title='bbox 926 4003 993 4056; x_wconf 85' lang='lat' dir='ltr'><strong>libro</strong></span> <span class='ocrx_word' id='word_1_325' title='bbox 1013 4025 1104 4058; x_wconf 78' lang='lat' dir='ltr'><strong>secun-</strong></span> 
     </span>
    </p>
   </div>
   <div class='ocr_carea' id='block_1_7' title="bbox 0 0 1377 4780">
    <p class='ocr_par' dir='ltr' id='par_1_7' title="bbox 0 0 1377 4780">
     <span class='ocr_line' id='line_1_38' title="bbox 0 0 1377 4780; baseline 0 0"><span class='ocrx_word' id='word_1_326' title='bbox 0 0 1377 4780; x_wconf 95' lang='lat' dir='ltr'><strong> </strong></span> 
     </span>
    </p>
   </div>
  </div>
 </body>
</html>
