2800 4776
676 335 946 417 -350-

299 528 333 587 in
347 512 547 586 contubernio
562 523 734 605 virgiuum,
755 549 832 610 quae
846 529 905 591 ‘die
920 537 1075 610 noctuque
1096 529 1130 590 in
1150 528 1201 590 dei
1217 529 1324 593 laudi·
1386 548 1387 569 Ι

225 683 228 687 -
284 646 359 710 ,bur
377 643 546 706 manebant.
589 645 675 722 Quae
700 667 770 708 curn
787 648 890 729 poaita
908 657 987 709 easet
1004 658 1074 708 ante
1096 647 1248 728 templum
1263 651 1323 710 do-

300 762 394 837 mini,
414 759 592 841 *quindecim
615 763 726 842 gradun
745 766 790 826 ita
816 765 930 826 cursim
955 765 1110 841 recendit,
1141 775 1178 827 ut
1197 767 1322 846 penitus

298 900 361 941 non
378 879 529 959 aspiceret
548 889 733 961 retrorsum,
755 895 787 945 et
798 896 835 945 ut
846 884 973 945 aolitum
988 891 1036 944 eat
1050 883 1197 945 infantiae
1209 907 1322 968 paren·

286 973 345 1059 'tea
365 998 532 1078 requirere.
575 1002 689 1080 Inque
711 1000 791 1060 sacto
813 993 1064 1083 omneeotupora
1087 1005 1214 1066 attoniti
1232 1015 1321 1065 tene-

296 1117 421 1192 bantur,
443 1116 488 1176 ita
503 1126 540 1178 ut
552 1118 713 1198 pontifioea
730 1119 839 1199 templi
851 1105 1046 1182 mirarentur.
1110 1125 1114 1134 '

407 1394 412 1405 ’
508 1405 528 1448 s·
683 1385 853 1469 ‘cmvi
883 1410 921 1471 v.

358 1560 448 1620 Tune
462 1557 552 1618 Anna
564 1557 681 1638 repleta
694 1559 808 1639 spiritu
821 1569 926 1624 nancto
941 1563 974 1622 iu
990 1567 1156 1652 conspectu
1174 1559 1314 1620 omnium

294 1676 390 1740 dixit:
409 1675 561 1737 Dominus
567 1677 673 1750 ,neue
684 1680 893 1750 exercituum,
914 1697 1033 1740 mernor
1047 1677 1147 1738 factur
1161 1687 1207 1737 eat
1224 1679 1317 1739 verbi

291 1794 355 1869 aui,
376 1803 408 1853 et
428 1789 570 1854 visitavit
590 1793 740 1873 populum
764 1813 853 1853 auum
874 1793 1054 1855 viritatioue
1067 1802 1172 1853 aaneta
1187 1814 1258 1868 aua,
1280 1806 1318 1855 ut

289 1920 413 1991 pentes,
443 1929 519 1988 quae
542 1911 742 1992 insurgebant
763 1913 797 1972 in
817 1932 891 1987 noa,
926 1911 1071 1974 humiliet
1094 1921 1127 1970 et
1153 1920 1317 1972 convertat

293 2049 348 2091 eor
362 2048 469 2089 eorum
487 2027 525 2089 ad
537 2049 580 2090 ae.
622 2029 758 2108 Aperuit
776 2050 864 2090 aurea
885 2026 953 2090 auae
973 2029 1117 2108 precibus
1130 2029 1262 2104 noatria,
1283 2037 1318 2087 et

281 2281 349 2371 niue
373 2317 404 2369 iu
426 2255 565 2384 Apponitur
584 2311 619 2364 ad
634 2310 754 2368 Annales
777 2331 852 2370 num.
868 2313 985 2370 van.
1002 2297 1062 2384 aqu.
1084 2317 1179 2368 multia
1198 2313 1315 2386 probare

287 2402 406 2464 striduit,
433 2400 479 2453 aad
495 2399 627 2464 refutatur
645 2409 685 2452 eat
704 2414 720 2448 a
738 2397 896 2454 crraumno
913 2401 1036 2453 Exercit.
1055 2399 1076 2450 Ι.
1094 2417 1171 2452 uum·
1186 2415 1219 2451 20
1232 2426 1246 2439 ·
1258 2400 1313 2461 23..
1390 2399 1391 2462 ξ

284 2487 468 2568 ΙΙΙεεωιεο-ὶΙΙο
485 2485 519 2537 ad
540 2483 607 2539 Sota
622 2497 684 2551 pag.
700 2481 759 2550 437.
781 2501 872 2553 unq..
896 2496 977 2554 atque
991 2483 1132 2538 Schmidio
1150 2488 1179 2538 in
1201 2483 1314 2537 Proiua.

282 2572 404 2625 Mariana
422 2573 458 2624 ΙΙ.
486 2581 513 2624 et
529 2573 559 2622 in
575 2569 697 2621 Hiatoria
713 2585 766 2627 reo.
784 2570 808 2624 Ι.
831 2567 931 2624 fabalis
950 2570 1082 2623 maoulara
1106 2587 1165 2638 cap.
1182 2569 1204 2620 Ι.
1232 2569 1314 2622 Coui.

283 2659 365 2713 atium
383 2655 593 2708 Tillemoutium
609 2653 681 2710 Hirt.
699 2655 793 2706 acoleo.
812 2655 894 2708 Turn.
913 2657 936 2707 Ι.
953 2670 1014 2722 pag.
1032 2669 1091 2706 ooo.
1108 2671 1165 2723 ιφ,
1191 2651 1314 2707 Combe-

175 2769 178 2776 =
283 2737 378 2794 finium
395 2738 429 2791 ud
445 2737 583 2792 Andream
605 2734 677 2791 Cret.
699 2748 726 2790 et
743 2737 776 2790 ad
793 2737 942 2806 Georgium
959 2739 1069 2791 Nicom.
1091 2737 1214 2792 Auctarii
1231 2739 1312 2792 Nori

283 2825 366 2877 Tum.
384 2825 405 2876 i·
428 2826 482 2876 ool.
502 2825 576 2878 1238.
599 2833 625 2874 et
641 2823 843 2875 Monracurium
863 2823 892 2874 iu
908 2821 1047 2890 Apparatu
1072 2823 1241 2892 ad.originea
1259 2839 1309 2875 ec-

282 2907 347 2960 elea.
364 2924 425 2976 pag.
442 2909 503 2974 3¹9·
520 2923 561 2975 aq.
584 2915 611 2958 et
627 2908 655 2958 iu
672 2904 795 2958 Aualeot.
814 2906 925 2959 exereit-
944 2906 1008 2960 vn.
1035 2917 1100 2959 aect.
1117 2906 1143 2959 4.
1176 2905 1310 2976 Virgine·

283 3001 311 3044 et
328 2990 423 3043 viduae
441 2990 492 3052 deo
509 3002 674 3044 corraeorum
697 2995 727 3044 in
749 2991 853 3057 templo
876 3001 1052 3043 commorarer
1077 3006 1134 3043 esra
1155 2993 1243 3044 inrito
1261 3008 1310 3044 aa·

282 3077 356 3127 niori
371 3091 452 3127 aenou
474 3087 501 3128 et
516 3087 682 3142 repugnante
699 3073 813 3128 historia
831 3075 1006 3140 collegerunt,
1024 3088 1054 3127 ur
1071 3075 1184 3138 ridetur,
1203 3092 1219 3128 e
1237 3076 1311 3128 lotia

280 3157 371 3214 Exod.
390 3159 471 3226 xm,
488 3176 512 3210 a.
529 3159 690 3218 xxxnx,
707 3155 732 3210 8.
757 3157 870 3212 aMacc.
883 3161 940 3221 111,
953 3176 994 3227 ¹9·
1020 3159 1086 3218 Luc.
1105 3159 1145 3223 ΙΙ,
1159 3161 1203 3228 57.
1228 3161 1309 3215 aliia-

266 3236 334 3312 'que
347 3243 490 3301 aimilibuo.
524 3243 567 3296 De
583 3241 652 3296 ieato
668 3243 909 3306 momentaneum,
930 3245 1004 3312 quod
1022 3245 1065 3298 dte
1081 3243 1162 3302 xxi.
1178 3245 1309 3299 Novem·

279 3327 336 3382 brie
362 3329 391 3380 in
417 3332 576 3382 memoriam
602 3329 678 3380 illiue
711 3331 751 3380 rei
776 3327 941 3392 celebratur,
974 3317 1033 3384 vid.
1056 3329 1196 3382 Benedicti
1221 3329 1306 3382 xlv.

279 3409 429 3469 Commeat.
448 3412 481 3463 de
495 3411 571 3465 sertia
592 3410 624 3464 P.
642 3413 693 3466 IV.
709 3430 736 3482 p.
757 3413 816 3470 23²,
833 3429 891 3481 aqq.
915 3413 957 3464 ed.
974 3415 1102 3480 Moguut·
1122 3425 1149 3466 at
1165 3413 1306 3468 Schmidii

278 3495 389 3552 Prolaa.
407 3497 556 3550 Marianam
574 3495 620 3549 VI.
638 3521 671 3535 -
704 3505 739 3546 et
755 3505 793 3545 ut
811 3521 845 3534 --
861 3497 1071 3564 requirere.)
1088 3513 1153 3561 uae,
1170 3509 1203 3550 ut
1220 3501 1305 3560 aoler,

276 3592 400 3649 parantes
421 3597 485 3634 onor
502 3583 658 3650 requireret.
701 3581 766 3633 'De
782 3579 908 3648 gradibus
930 3581 987 3636 tllr'a
1008 3582 1164 3651 quindecim
1187 3581 1246 3641 vid.
1270 3581 1304 3636 ad

276 3666 326 3720 Er.
345 3664 378 3719 de
393 3667 485 3722 Natir.
501 3665 604 3722 Miriaa
627 3665 755 3734 erp-'Vi

346 3831 422 3895 Car.
440 3837 478 3890 V.
507 3833 680 3904 populum
695 3831 804 3906 fuum]
824 3833 931 3903 plebem
950 3849 1034 3888 auam.
1084 3831 1131 3888 Sio
1150 3835 1179 3883 in
1195 3831 1300 3887 Bibliia

273 3919 332 3982 Lat.
350 3920 417 3980 Luc.
429 3923 456 3988 1,
474 3919 689 3974 ennaremus
705 3919 825 3970 dominae
843 3920 907 3970 deur
923 3917 1012 3970 Israel
1016 3958 1024 3982 ,
1041 3917 1106 3988 quia
1123 3917 1252 3970 visitavit
1270 3927 1299 3968 et

267 4003 340 4073 serit
362 4005 564 4076 redemptionem
584 4002 671 4073 plebia
692 4019 764 4056 auae.
788 4030 821 4042 -
853 4002 1023 4054 humiliet
1048 4012 1083 4054 et
1100 4009 1294 4052 converto!

225 4105 229 4110 ·
272 4109 459 4144 cereorum
477 4093 520 4142 ed
537 4089 587 4158 ae.)
605 4092 634 4142 iu
649 4087 802 4143 humilitate
815 4086 896 4142 corda
912 4104 1008 4146 eorum
1022 4095 1297 4141 converterentur·-
