<?xml version="1.0" encoding="UTF-8"?>
<!DOCTYPE html PUBLIC "-//W3C//DTD XHTML 1.0 Transitional//EN"
    "http://www.w3.org/TR/xhtml1/DTD/xhtml1-transitional.dtd">
<html xmlns="http://www.w3.org/1999/xhtml" xml:lang="en" lang="en">
 <head>
  <title>
</title>
<meta http-equiv="Content-Type" content="text/html;charset=utf-8" />
  <meta name='ocr-system' content='tesseract 3.04.00' />
  <meta name='ocr-capabilities' content='ocr_page ocr_carea ocr_par ocr_line ocrx_word'/>
</head>
<body>
  <div class='ocr_page' id='page_1' title='image "./codexapocryphus00thilgoog_0554.png"; bbox 0 0 2800 4776; ppageno 0'>
   <div class='ocr_carea' id='block_1_1' title="bbox 469 315 746 396">
    <p class='ocr_par' dir='ltr' id='par_1_1' title="bbox 469 315 746 396">
     <span class='ocr_line' id='line_1_1' title="bbox 469 315 746 396; baseline 0.011 -3"><span class='ocrx_word' id='word_1_1' title='bbox 469 315 746 396; x_wconf 76' lang='lat'><strong>...35³-</strong></span> 
     </span>
    </p>
   </div>
   <div class='ocr_carea' id='block_1_2' title="bbox 89 483 1120 712">
    <p class='ocr_par' dir='ltr' id='par_1_2' title="bbox 89 483 1120 712">
     <span class='ocr_line' id='line_1_2' title="bbox 91 483 1120 594; baseline 0.005 -22"><span class='ocrx_word' id='word_1_2' title='bbox 91 511 212 594; x_wconf 70' lang='lat' dir='ltr'><strong>mgelos</strong></span> <span class='ocrx_word' id='word_1_3' title='bbox 239 493 360 572; x_wconf 73' lang='lat' dir='ltr'><strong>domim</strong></span> <span class='ocrx_word' id='word_1_4' title='bbox 380 508 411 570; x_wconf 86' lang='lat' dir='ltr'><strong>si</strong></span> <span class='ocrx_word' id='word_1_5' title='bbox 431 483 610 592; x_wconf 63' lang='lat' dir='ltr'><strong>appeteret,</strong></span> <span class='ocrx_word' id='word_1_6' title='bbox 631 509 671 572; x_wconf 88' lang='lat' dir='ltr'><strong>de</strong></span> <span class='ocrx_word' id='word_1_7' title='bbox 691 510 782 594; x_wconf 83' lang='lat' dir='ltr'><strong>cnjna</strong></span> <span class='ocrx_word' id='word_1_8' title='bbox 801 529 893 574; x_wconf 87' lang='lat' dir='ltr'><strong>msnu</strong></span> <span class='ocrx_word' id='word_1_9' title='bbox 914 531 1013 574; x_wconf 87' lang='lat' dir='ltr'><strong>escam</strong></span> <span class='ocrx_word' id='word_1_10' title='bbox 1036 511 1120 577; x_wconf 88' lang='lat' dir='ltr'><strong>scci-</strong></span> 
     </span>
     <span class='ocr_line' id='line_1_3' title="bbox 89 627 1119 712; baseline 0.003 -23"><span class='ocrx_word' id='word_1_11' title='bbox 89 637 186 712; x_wconf 84' lang='lat' dir='ltr'><strong>peret,</strong></span> <span class='ocrx_word' id='word_1_12' title='bbox 222 637 262 690; x_wconf 86' lang='lat' dir='ltr'><strong>ut</strong></span> <span class='ocrx_word' id='word_1_13' title='bbox 286 627 400 689; x_wconf 86' lang='lat' dir='ltr'><strong>melius</strong></span> <span class='ocrx_word' id='word_1_14' title='bbox 429 638 525 711; x_wconf 79' lang='lat' dir='ltr'><strong>etque</strong></span> <span class='ocrx_word' id='word_1_15' title='bbox 553 627 666 691; x_wconf 82' lang='lat' dir='ltr'><strong>melius</strong></span> <span class='ocrx_word' id='word_1_16' title='bbox 687 628 723 690; x_wconf 86' lang='lat' dir='ltr'><strong>in</strong></span> <span class='ocrx_word' id='word_1_17' title='bbox 744 627 795 690; x_wconf 85' lang='lat' dir='ltr'><strong>dei</strong></span> <span class='ocrx_word' id='word_1_18' title='bbox 820 649 924 692; x_wconf 85' lang='lat' dir='ltr'><strong>smcre</strong></span> <span class='ocrx_word' id='word_1_19' title='bbox 944 627 1119 710; x_wconf 85' lang='lat' dir='ltr'><strong>proficeret.</strong></span> 
     </span>
    </p>
   </div>
   <div class='ocr_carea' id='block_1_3' title="bbox 87 743 1268 834">
    <p class='ocr_par' dir='ltr' id='par_1_3' title="bbox 87 743 1268 834">
     <span class='ocr_line' id='line_1_4' title="bbox 87 743 1268 834; baseline 0.003 -25"><span class='ocrx_word' id='word_1_20' title='bbox 87 743 230 828; x_wconf 82' lang='lat' dir='ltr'><strong>Denique</strong></span> <span class='ocrx_word' id='word_1_21' title='bbox 259 767 331 807; x_wconf 88' lang='lat' dir='ltr'><strong>cnm</strong></span> <span class='ocrx_word' id='word_1_22' title='bbox 360 745 535 808; x_wconf 81' lang='lat' dir='ltr'><strong>senioribus</strong></span> <span class='ocrx_word' id='word_1_23' title='bbox 562 746 739 834; x_wconf 72' lang='lat' dir='ltr'><strong>virginibus</strong></span> <span class='ocrx_word' id='word_1_24' title='bbox 766 748 801 808; x_wconf 89' lang='lat' dir='ltr'><strong>in</strong></span> <span class='ocrx_word' id='word_1_25' title='bbox 830 747 881 818; x_wconf 81' lang='lat' dir='ltr'><strong>dei</strong></span> <span class='ocrx_word' id='word_1_26' title='bbox 907 745 1051 830; x_wconf 63' lang='lat' dir='ltr'><strong>lgndibns</strong></span> <span class='ocrx_word' id='word_1_27' title='bbox 1073 749 1120 812; x_wconf 86' lang='lat' dir='ltr'><strong>its</strong></span> <span class='ocrx_word' id='word_1_28' title='bbox 1215 801 1229 820; x_wconf 67' lang='grc'>,</span> <span class='ocrx_word' id='word_1_29' title='bbox 1265 811 1268 818; x_wconf 89' lang='grc'>,</span> 
     </span>
    </p>
   </div>
   <div class='ocr_carea' id='block_1_4' title="bbox 84 863 1119 2121">
    <p class='ocr_par' dir='ltr' id='par_1_4' title="bbox 84 863 1119 2121">
     <span class='ocr_line' id='line_1_5' title="bbox 88 863 1118 947; baseline 0.002 -20"><span class='ocrx_word' id='word_1_30' title='bbox 88 867 271 942; x_wconf 83' lang='lat' dir='ltr'><strong>docebatur,</strong></span> <span class='ocrx_word' id='word_1_31' title='bbox 298 873 336 924; x_wconf 79' lang='lat' dir='ltr'><strong>nt</strong></span> <span class='ocrx_word' id='word_1_32' title='bbox 355 863 418 947; x_wconf 81' lang='lat' dir='ltr'><strong>jem</strong></span> <span class='ocrx_word' id='word_1_33' title='bbox 440 864 529 925; x_wconf 83' lang='lat' dir='ltr'><strong>nnlls</strong></span> <span class='ocrx_word' id='word_1_34' title='bbox 556 864 640 926; x_wconf 87' lang='lat' dir='ltr'><strong>siin</strong></span> <span class='ocrx_word' id='word_1_35' title='bbox 662 864 782 946; x_wconf 75' lang='lat' dir='ltr'><strong>vigiliis</strong></span> <span class='ocrx_word' id='word_1_36' title='bbox 802 865 891 945; x_wconf 85' lang='lat' dir='ltr'><strong>prior</strong></span> <span class='ocrx_word' id='word_1_37' title='bbox 911 863 1118 946; x_wconf 76' lang='lat' dir='ltr'><strong>inveniretur,</strong></span> 
     </span>
     <span class='ocr_line' id='line_1_6' title="bbox 87 981 1117 1066; baseline 0.001 -20"><span class='ocrx_word' id='word_1_38' title='bbox 87 987 117 1046; x_wconf 88' lang='lat' dir='ltr'><strong>in</strong></span> <span class='ocrx_word' id='word_1_39' title='bbox 140 983 294 1066; x_wconf 83' lang='lat' dir='ltr'><strong>sapientia</strong></span> <span class='ocrx_word' id='word_1_40' title='bbox 315 981 393 1062; x_wconf 76' lang='lat' dir='ltr'><strong>legis</strong></span> <span class='ocrx_word' id='word_1_41' title='bbox 420 981 473 1042; x_wconf 87' lang='lat' dir='ltr'><strong>dei</strong></span> <span class='ocrx_word' id='word_1_42' title='bbox 500 982 671 1059; x_wconf 81' lang='lat' dir='ltr'>eruditior,</span> <span class='ocrx_word' id='word_1_43' title='bbox 700 983 734 1044; x_wconf 90' lang='lat' dir='ltr'><strong>in</strong></span> <span class='ocrx_word' id='word_1_44' title='bbox 758 981 936 1044; x_wconf 85' lang='lat' dir='ltr'><strong>bumilitate</strong></span> <span class='ocrx_word' id='word_1_45' title='bbox 956 981 1117 1063; x_wconf 81' lang='lat' dir='ltr'><strong>humilior,</strong></span> 
     </span>
     <span class='ocr_line' id='line_1_7' title="bbox 86 1077 1119 1183; baseline 0.002 -21"><span class='ocrx_word' id='word_1_46' title='bbox 86 1103 118 1162; x_wconf 86' lang='lat' dir='ltr'><strong>in</strong></span> <span class='ocrx_word' id='word_1_47' title='bbox 139 1099 328 1162; x_wconf 86' lang='lat' dir='ltr'><strong>csrminibns</strong></span> <span class='ocrx_word' id='word_1_48' title='bbox 349 1077 512 1163; x_wconf 82' lang='lat' dir='ltr'><strong>Deridicis</strong></span> <span class='ocrx_word' id='word_1_49' title='bbox 533 1100 719 1183; x_wconf 71' lang='lat' dir='ltr'><strong>elegantior,</strong></span> <span class='ocrx_word' id='word_1_50' title='bbox 739 1100 775 1161; x_wconf 91' lang='lat' dir='ltr'><strong>in</strong></span> <span class='ocrx_word' id='word_1_51' title='bbox 797 1101 925 1162; x_wconf 71' lang='lat' dir='ltr'><strong>carihte</strong></span> <span class='ocrx_word' id='word_1_52' title='bbox 944 1102 1119 1182; x_wconf 71' lang='lat' dir='ltr'><strong>gratiosior,</strong></span> 
     </span>
     <span class='ocr_line' id='line_1_8' title="bbox 85 1217 1119 1299; baseline 0.002 -19"><span class='ocrx_word' id='word_1_53' title='bbox 85 1221 116 1280; x_wconf 86' lang='lat' dir='ltr'><strong>in</strong></span> <span class='ocrx_word' id='word_1_54' title='bbox 146 1219 290 1282; x_wconf 84' lang='lat' dir='ltr'><strong>castitate</strong></span> <span class='ocrx_word' id='word_1_55' title='bbox 313 1218 444 1298; x_wconf 88' lang='lat' dir='ltr'><strong>purior,</strong></span> <span class='ocrx_word' id='word_1_56' title='bbox 477 1220 512 1280; x_wconf 91' lang='lat' dir='ltr'><strong>in</strong></span> <span class='ocrx_word' id='word_1_57' title='bbox 544 1217 629 1281; x_wconf 87' lang='lat' dir='ltr'><strong>omni</strong></span> <span class='ocrx_word' id='word_1_58' title='bbox 657 1218 779 1282; x_wconf 83' lang='lat' dir='ltr'><strong>virtute</strong></span> <span class='ocrx_word' id='word_1_59' title='bbox 808 1217 987 1299; x_wconf 78' lang='lat' dir='ltr'><strong>perfectior.</strong></span> <span class='ocrx_word' id='word_1_60' title='bbox 1040 1223 1119 1283; x_wconf 82' lang='lat' dir='ltr'><strong>Erat</strong></span> 
     </span>
     <span class='ocr_line' id='line_1_9' title="bbox 88 1335 1119 1419; baseline 0.004 -23"><span class='ocrx_word' id='word_1_61' title='bbox 88 1335 167 1397; x_wconf 87' lang='lat' dir='ltr'><strong>euim</strong></span> <span class='ocrx_word' id='word_1_62' title='bbox 187 1345 340 1418; x_wconf 73' lang='lat' dir='ltr'><strong>consum,</strong></span> <span class='ocrx_word' id='word_1_63' title='bbox 362 1336 548 1413; x_wconf 88' lang='lat' dir='ltr'><strong>immobilis,</strong></span> <span class='ocrx_word' id='word_1_64' title='bbox 568 1337 786 1414; x_wconf 86' lang='lat' dir='ltr'><strong>immntsbilis,</strong></span> <span class='ocrx_word' id='word_1_65' title='bbox 806 1346 901 1418; x_wconf 84' lang='lat' dir='ltr'><strong>atque</strong></span> <span class='ocrx_word' id='word_1_66' title='bbox 921 1337 1060 1419; x_wconf 86' lang='lat' dir='ltr'><strong>quotidie</strong></span> <span class='ocrx_word' id='word_1_67' title='bbox 1078 1339 1119 1401; x_wconf 83' lang='lat' dir='ltr'><strong>sd</strong></span> 
     </span>
     <span class='ocr_line' id='line_1_10' title="bbox 86 1452 1118 1538; baseline 0.005 -23"><span class='ocrx_word' id='word_1_68' title='bbox 86 1454 212 1515; x_wconf 77' lang='lat' dir='ltr'><strong>meliora</strong></span> <span class='ocrx_word' id='word_1_69' title='bbox 238 1452 502 1533; x_wconf 75' lang='lat' dir='ltr'><strong>proficiscebatur.</strong></span> <span class='ocrx_word' id='word_1_70' title='bbox 562 1457 652 1518; x_wconf 81' lang='lat' dir='ltr'><strong>Hanc</strong></span> <span class='ocrx_word' id='word_1_71' title='bbox 690 1455 925 1517; x_wconf 73' lang='lat' dir='ltr'><strong>maledicentem</strong></span> <span class='ocrx_word' id='word_1_72' title='bbox 960 1476 1118 1538; x_wconf 83' lang='lat' dir='ltr'><strong>nunqnam</strong></span> 
     </span>
     <span class='ocr_line' id='line_1_11' title="bbox 87 1569 1118 1655; baseline 0.001 -20"><span class='ocrx_word' id='word_1_73' title='bbox 87 1575 168 1635; x_wconf 85' lang='lat' dir='ltr'><strong>nllns</strong></span> <span class='ocrx_word' id='word_1_74' title='bbox 200 1569 343 1650; x_wconf 75' lang='lat' dir='ltr'><strong>audiris,</strong></span> <span class='ocrx_word' id='word_1_75' title='bbox 382 1573 462 1636; x_wconf 84' lang='lat' dir='ltr'><strong>benc</strong></span> <span class='ocrx_word' id='word_1_76' title='bbox 494 1575 678 1636; x_wconf 77' lang='lat' dir='ltr'><strong>irascentem</strong></span> <span class='ocrx_word' id='word_1_77' title='bbox 712 1595 871 1655; x_wconf 74' lang='lat' dir='ltr'><strong>nunquam</strong></span> <span class='ocrx_word' id='word_1_78' title='bbox 905 1575 990 1637; x_wconf 86' lang='lat' dir='ltr'><strong>ullus</strong></span> <span class='ocrx_word' id='word_1_79' title='bbox 1025 1575 1118 1639; x_wconf 82' lang='lat' dir='ltr'><strong>vidit.</strong></span> 
     </span>
     <span class='ocr_line' id='line_1_12' title="bbox 88 1687 1118 1770; baseline 0.006 -22"><span class='ocrx_word' id='word_1_80' title='bbox 88 1687 197 1748; x_wconf 89' lang='lat' dir='ltr'><strong>Omnis</strong></span> <span class='ocrx_word' id='word_1_81' title='bbox 216 1696 320 1748; x_wconf 85' lang='lat' dir='ltr'><strong>antem</strong></span> <span class='ocrx_word' id='word_1_82' title='bbox 346 1707 448 1748; x_wconf 83' lang='lat' dir='ltr'><strong>sermo</strong></span> <span class='ocrx_word' id='word_1_83' title='bbox 476 1689 546 1768; x_wconf 80' lang='lat' dir='ltr'><strong>ejus</strong></span> <span class='ocrx_word' id='word_1_84' title='bbox 575 1691 621 1747; x_wconf 88' lang='lat' dir='ltr'><strong>its</strong></span> <span class='ocrx_word' id='word_1_85' title='bbox 641 1701 708 1752; x_wconf 87' lang='lat' dir='ltr'><strong>erat</strong></span> <span class='ocrx_word' id='word_1_86' title='bbox 729 1693 827 1770; x_wconf 79' lang='lat' dir='ltr'><strong>grstia</strong></span> <span class='ocrx_word' id='word_1_87' title='bbox 849 1695 979 1770; x_wconf 86' lang='lat' dir='ltr'><strong>plenus,</strong></span> <span class='ocrx_word' id='word_1_88' title='bbox 1005 1701 1043 1754; x_wconf 87' lang='lat' dir='ltr'><strong>ut</strong></span> <span class='ocrx_word' id='word_1_89' title='bbox 1062 1715 1118 1754; x_wconf 87' lang='lat' dir='ltr'><strong>co·-</strong></span> 
     </span>
     <span class='ocr_line' id='line_1_13' title="bbox 89 1801 1119 1890; baseline 0.009 -27"><span class='ocrx_word' id='word_1_90' title='bbox 89 1811 284 1886; x_wconf 76' lang='lat' dir='ltr'><strong>gncaceretnr</strong></span> <span class='ocrx_word' id='word_1_91' title='bbox 310 1801 345 1864; x_wconf 89' lang='lat' dir='ltr'><strong>in</strong></span> <span class='ocrx_word' id='word_1_92' title='bbox 371 1804 574 1885; x_wconf 67' lang='lat' dir='ltr'><strong>lingua—ejus</strong></span> <span class='ocrx_word' id='word_1_93' title='bbox 596 1802 647 1865; x_wconf 85' lang='lat' dir='ltr'><strong>‹lei</strong></span> <span class='ocrx_word' id='word_1_94' title='bbox 670 1807 796 1868; x_wconf 80' lang='lat' dir='ltr'><strong>veritas.</strong></span> <span class='ocrx_word' id='word_1_95' title='bbox 840 1809 968 1890; x_wconf 81' lang='lat' dir='ltr'><strong>Semper</strong></span> <span class='ocrx_word' id='word_1_96' title='bbox 987 1811 1023 1871; x_wconf 89' lang='lat' dir='ltr'><strong>in</strong></span> <span class='ocrx_word' id='word_1_97' title='bbox 1047 1832 1119 1872; x_wconf 86' lang='lat' dir='ltr'><strong>ors-</strong></span> 
     </span>
     <span class='ocr_line' id='line_1_14' title="bbox 88 1895 1118 2004; baseline 0.003 -21"><span class='ocrx_word' id='word_1_98' title='bbox 88 1923 174 1984; x_wconf 87' lang='lat' dir='ltr'><strong>tione</strong></span> <span class='ocrx_word' id='word_1_99' title='bbox 195 1920 248 1984; x_wconf 85' lang='lat' dir='ltr'><strong>rel</strong></span> <span class='ocrx_word' id='word_1_100' title='bbox 270 1921 461 1984; x_wconf 72' lang='lat' dir='ltr'><strong>scrutatione</strong></span> <span class='ocrx_word' id='word_1_101' title='bbox 481 1923 560 2002; x_wconf 78' lang='lat' dir='ltr'><strong>legis</strong></span> <span class='ocrx_word' id='word_1_102' title='bbox 572 1895 633 1983; x_wconf 80' lang='lat' dir='ltr'><strong>&#39;dei</strong></span> <span class='ocrx_word' id='word_1_103' title='bbox 651 1925 859 2004; x_wconf 75' lang='lat' dir='ltr'><strong>permanebat.</strong></span> <span class='ocrx_word' id='word_1_104' title='bbox 900 1927 946 1986; x_wconf 82' lang='lat' dir='ltr'><strong>Et</strong></span> <span class='ocrx_word' id='word_1_105' title='bbox 964 1935 1031 1988; x_wconf 81' lang='lat' dir='ltr'><strong>erat</strong></span> <span class='ocrx_word' id='word_1_106' title='bbox 1050 1925 1118 1986; x_wconf 89' lang='lat' dir='ltr'><strong>sol-</strong></span> 
     </span>
     <span class='ocr_line' id='line_1_15' title="bbox 84 2031 1118 2121; baseline 0 -19"><span class='ocrx_word' id='word_1_107' title='bbox 84 2043 174 2103; x_wconf 80' lang='lat' dir='ltr'><strong>licita</strong></span> <span class='ocrx_word' id='word_1_108' title='bbox 200 2040 283 2101; x_wconf 81' lang='lat' dir='ltr'><strong>circe</strong></span> <span class='ocrx_word' id='word_1_109' title='bbox 303 2042 401 2101; x_wconf 85' lang='lat' dir='ltr'><strong>socias</strong></span> <span class='ocrx_word' id='word_1_110' title='bbox 421 2031 507 2116; x_wconf 71' lang='lat' dir='ltr'><strong>snas,</strong></span> <span class='ocrx_word' id='word_1_111' title='bbox 527 2061 568 2101; x_wconf 88' lang='lat' dir='ltr'><strong>ne</strong></span> <span class='ocrx_word' id='word_1_112' title='bbox 588 2041 692 2121; x_wconf 76' lang='lat' dir='ltr'><strong>aliqua</strong></span> <span class='ocrx_word' id='word_1_113' title='bbox 714 2043 816 2104; x_wconf 86' lang='lat' dir='ltr'><strong>exiis</strong></span> <span class='ocrx_word' id='word_1_114' title='bbox 836 2043 890 2104; x_wconf 85' lang='lat' dir='ltr'><strong>rel</strong></span> <span class='ocrx_word' id='word_1_115' title='bbox 909 2039 945 2100; x_wconf 89' lang='lat' dir='ltr'><strong>in</strong></span> <span class='ocrx_word' id='word_1_116' title='bbox 965 2061 1029 2101; x_wconf 88' lang='lat' dir='ltr'><strong>nno</strong></span> <span class='ocrx_word' id='word_1_117' title='bbox 1050 2061 1118 2102; x_wconf 85' lang='lat' dir='ltr'><strong>ser-</strong></span> 
     </span>
    </p>
   </div>
   <div class='ocr_carea' id='block_1_5' title="bbox 85 2137 1116 2258">
    <p class='ocr_par' dir='ltr' id='par_1_5' title="bbox 85 2137 1116 2258">
     <span class='ocr_line' id='line_1_16' title="bbox 85 2137 1116 2258; baseline -0.004 -35"><span class='ocrx_word' id='word_1_118' title='bbox 85 2182 176 2225; x_wconf 89' lang='lat' dir='ltr'><strong>mone</strong></span> <span class='ocrx_word' id='word_1_119' title='bbox 196 2168 358 2242; x_wconf 79' lang='lat' dir='ltr'><strong>peccaret,</strong></span> <span class='ocrx_word' id='word_1_120' title='bbox 382 2137 422 2220; x_wconf 85' lang='lat' dir='ltr'><strong>ne</strong></span> <span class='ocrx_word' id='word_1_121' title='bbox 443 2161 547 2258; x_wconf 63' lang='lat' dir='ltr'><strong>alique</strong></span> <span class='ocrx_word' id='word_1_122' title='bbox 567 2159 602 2219; x_wconf 93' lang='lat' dir='ltr'><strong>in</strong></span> <span class='ocrx_word' id='word_1_123' title='bbox 622 2159 689 2220; x_wconf 79' lang='lat' dir='ltr'><strong>rien</strong></span> <span class='ocrx_word' id='word_1_124' title='bbox 709 2159 861 2221; x_wconf 79' lang='lat' dir='ltr'><strong>exaltaret</strong></span> <span class='ocrx_word' id='word_1_125' title='bbox 880 2179 991 2220; x_wconf 86' lang='lat' dir='ltr'><strong>sonum</strong></span> <span class='ocrx_word' id='word_1_126' title='bbox 1015 2179 1116 2236; x_wconf 89' lang='lat' dir='ltr'><strong>snnm,</strong></span> 
     </span>
    </p>
   </div>
   <div class='ocr_carea' id='block_1_6' title="bbox 80 2275 1164 2942">
    <p class='ocr_par' dir='ltr' id='par_1_6' title="bbox 80 2275 1164 2942">
     <span class='ocr_line' id='line_1_17' title="bbox 83 2275 1116 2358; baseline -0.006 -19"><span class='ocrx_word' id='word_1_127' title='bbox 83 2301 123 2340; x_wconf 86' lang='lat' dir='ltr'><strong>ne</strong></span> <span class='ocrx_word' id='word_1_128' title='bbox 144 2278 247 2358; x_wconf 78' lang='lat' dir='ltr'><strong>eliqua</strong></span> <span class='ocrx_word' id='word_1_129' title='bbox 267 2277 302 2336; x_wconf 90' lang='lat' dir='ltr'><strong>in</strong></span> <span class='ocrx_word' id='word_1_130' title='bbox 323 2275 451 2357; x_wconf 86' lang='lat' dir='ltr'><strong>injuriis</strong></span> <span class='ocrx_word' id='word_1_131' title='bbox 473 2288 528 2340; x_wconf 76' lang='lat' dir='ltr'><strong>ont</strong></span> <span class='ocrx_word' id='word_1_132' title='bbox 554 2278 589 2338; x_wconf 90' lang='lat' dir='ltr'><strong>in</strong></span> <span class='ocrx_word' id='word_1_133' title='bbox 616 2276 760 2357; x_wconf 90' lang='lat' dir='ltr'><strong>snperbis</strong></span> <span class='ocrx_word' id='word_1_134' title='bbox 782 2279 864 2338; x_wconf 90' lang='lat' dir='ltr'><strong>circs</strong></span> <span class='ocrx_word' id='word_1_135' title='bbox 883 2284 1002 2356; x_wconf 81' lang='lat' dir='ltr'><strong>petrem</strong></span> <span class='ocrx_word' id='word_1_136' title='bbox 1023 2294 1116 2334; x_wconf 86' lang='lat' dir='ltr'><strong>suum</strong></span> 
     </span>
     <span class='ocr_line' id='line_1_18' title="bbox 83 2391 1119 2460; baseline -0.011 0"><span class='ocrx_word' id='word_1_137' title='bbox 83 2409 138 2460; x_wconf 85' lang='lat' dir='ltr'><strong>ant</strong></span> <span class='ocrx_word' id='word_1_138' title='bbox 170 2406 301 2458; x_wconf 84' lang='lat' dir='ltr'><strong>mstrsm</strong></span> <span class='ocrx_word' id='word_1_139' title='bbox 331 2393 490 2456; x_wconf 71' lang='lat' dir='ltr'><strong>existeret.</strong></span> <span class='ocrx_word' id='word_1_140' title='bbox 548 2395 622 2456; x_wconf 87' lang='lat' dir='ltr'><strong>Sine</strong></span> <span class='ocrx_word' id='word_1_141' title='bbox 654 2395 885 2456; x_wconf 82' lang='lat' dir='ltr'><strong>intermissione</strong></span> <span class='ocrx_word' id='word_1_142' title='bbox 919 2391 1119 2452; x_wconf 86' lang='lat' dir='ltr'><strong>benedicebat</strong></span> 
     </span>
     <span class='ocr_line' id='line_1_19' title="bbox 85 2507 1120 2586; baseline -0.008 -10"><span class='ocrx_word' id='word_1_143' title='bbox 85 2517 196 2586; x_wconf 87' lang='lat' dir='ltr'><strong>deum,</strong></span> <span class='ocrx_word' id='word_1_144' title='bbox 227 2521 260 2572; x_wconf 84' lang='lat' dir='ltr'><strong>et</strong></span> <span class='ocrx_word' id='word_1_145' title='bbox 285 2533 325 2573; x_wconf 86' lang='lat' dir='ltr'><strong>ne</strong></span> <span class='ocrx_word' id='word_1_146' title='bbox 357 2513 439 2572; x_wconf 84' lang='lat' dir='ltr'><strong>lorte</strong></span> <span class='ocrx_word' id='word_1_147' title='bbox 464 2513 651 2574; x_wconf 72' lang='lat' dir='ltr'><strong>nictatione</strong></span> <span class='ocrx_word' id='word_1_148' title='bbox 668 2509 733 2576; x_wconf 75' lang='lat' dir='ltr'><strong>&#39;sus</strong></span> <span class='ocrx_word' id='word_1_149' title='bbox 757 2535 776 2574; x_wconf 86' lang='lat' dir='ltr'><strong>s</strong></span> <span class='ocrx_word' id='word_1_150' title='bbox 802 2513 946 2574; x_wconf 77' lang='lat' dir='ltr'><strong>landibue</strong></span> <span class='ocrx_word' id='word_1_151' title='bbox 974 2509 1026 2568; x_wconf 90' lang='lat' dir='ltr'><strong>dei</strong></span> <span class='ocrx_word' id='word_1_152' title='bbox 1055 2507 1120 2570; x_wconf 88' lang='lat' dir='ltr'><strong>tol-</strong></span> 
     </span>
     <span class='ocr_line' id='line_1_20' title="bbox 85 2625 1164 2722; baseline -0.01 -28"><span class='ocrx_word' id='word_1_153' title='bbox 85 2635 228 2705; x_wconf 86' lang='lat' dir='ltr'><strong>leretur,</strong></span> <span class='ocrx_word' id='word_1_154' title='bbox 259 2629 375 2711; x_wconf 84' lang='lat' dir='ltr'><strong>siqnis</strong></span> <span class='ocrx_word' id='word_1_155' title='bbox 396 2649 461 2690; x_wconf 77' lang='lat' dir='ltr'><strong>eam</strong></span> <span class='ocrx_word' id='word_1_156' title='bbox 488 2631 656 2707; x_wconf 74' lang='lat' dir='ltr'><strong>salutabat,</strong></span> <span class='ocrx_word' id='word_1_157' title='bbox 683 2631 740 2691; x_wconf 81' lang='lat' dir='ltr'><strong>illa</strong></span> <span class='ocrx_word' id='word_1_158' title='bbox 764 2649 822 2722; x_wconf 81' lang='lat' dir='ltr'><strong>pro</strong></span> <span class='ocrx_word' id='word_1_159' title='bbox 851 2625 1037 2690; x_wconf 70' lang='lat' dir='ltr'><strong>salutatione</strong></span> <span class='ocrx_word' id='word_1_160' title='bbox 1063 2645 1118 2685; x_wconf 82' lang='lat' dir='ltr'><strong>sne</strong></span> <span class='ocrx_word' id='word_1_161' title='bbox 1161 2662 1164 2671; x_wconf 54' lang='grc' dir='ltr'><em>ι</em></span> 
     </span>
     <span class='ocr_line' id='line_1_21' title="bbox 85 2741 1118 2830; baseline -0.011 -18"><span class='ocrx_word' id='word_1_162' title='bbox 85 2753 286 2830; x_wconf 75' lang='lat' dir='ltr'><strong>deogratias</strong></span> <span class='ocrx_word' id='word_1_163' title='bbox 313 2749 527 2827; x_wconf 86' lang='lat' dir='ltr'><strong>respondebat.</strong></span> <span class='ocrx_word' id='word_1_164' title='bbox 569 2747 715 2828; x_wconf 90' lang='lat' dir='ltr'><strong>Denique</strong></span> <span class='ocrx_word' id='word_1_165' title='bbox 736 2745 872 2828; x_wconf 85' lang='lat' dir='ltr'><strong>primum</strong></span> <span class='ocrx_word' id='word_1_166' title='bbox 899 2746 936 2806; x_wconf 90' lang='lat' dir='ltr'><strong>sb</strong></span> <span class='ocrx_word' id='word_1_167' title='bbox 965 2764 1001 2804; x_wconf 86' lang='lat' dir='ltr'><strong>es</strong></span> <span class='ocrx_word' id='word_1_168' title='bbox 1027 2741 1118 2817; x_wconf 84' lang='lat' dir='ltr'><strong>exiit,</strong></span> 
     </span>
     <span class='ocr_line' id='line_1_22' title="bbox 80 2861 1117 2942; baseline -0.014 -9"><span class='ocrx_word' id='word_1_169' title='bbox 80 2881 118 2934; x_wconf 83' lang='lat' dir='ltr'><strong>nt</strong></span> <span class='ocrx_word' id='word_1_170' title='bbox 147 2889 220 2930; x_wconf 81' lang='lat' dir='ltr'><strong>cum</strong></span> <span class='ocrx_word' id='word_1_171' title='bbox 249 2868 420 2929; x_wconf 86' lang='lat' dir='ltr'><strong>resalutcnt</strong></span> <span class='ocrx_word' id='word_1_172' title='bbox 447 2862 590 2928; x_wconf 83' lang='lat' dir='ltr'><strong>homines</strong></span> <span class='ocrx_word' id='word_1_173' title='bbox 620 2866 737 2942; x_wconf 87' lang='lat' dir='ltr'><strong>sancti,</strong></span> <span class='ocrx_word' id='word_1_174' title='bbox 770 2867 826 2926; x_wconf 79' lang='lat' dir='ltr'><strong>deo</strong></span> <span class='ocrx_word' id='word_1_175' title='bbox 851 2868 974 2942; x_wconf 70' lang='lat' dir='ltr'><strong>gratim</strong></span> <span class='ocrx_word' id='word_1_176' title='bbox 1003 2861 1117 2922; x_wconf 78' lang='lat' dir='ltr'><strong>dicent.</strong></span> 
     </span>
    </p>
   </div>
   <div class='ocr_carea' id='block_1_7' title="bbox 87 3063 355 3102">
    <p class='ocr_par' dir='ltr' id='par_1_7' title="bbox 87 3063 355 3102">
     <span class='ocr_line' id='line_1_23' title="bbox 87 3063 355 3102; baseline -0.019 0"><span class='ocrx_word' id='word_1_177' title='bbox 87 3074 293 3102; x_wconf 75' lang='grc' dir='ltr'>...ι-ιι-</span> <span class='ocrx_word' id='word_1_178' title='bbox 346 3063 355 3089; x_wconf 68' lang='lat' dir='ltr'><em>f</em></span> 
     </span>
    </p>
   </div>
   <div class='ocr_carea' id='block_1_8' title="bbox 78 3209 1120 4132">
    <p class='ocr_par' dir='ltr' id='par_1_8' title="bbox 78 3209 1120 4132">
     <span class='ocr_line' id='line_1_24' title="bbox 81 3209 1116 3290; baseline -0.014 -16"><span class='ocrx_word' id='word_1_179' title='bbox 81 3221 285 3284; x_wconf 61' lang='lat' dir='ltr'><strong>constane)</strong></span> <span class='ocrx_word' id='word_1_180' title='bbox 303 3231 382 3276; x_wconf 76' lang='lat' dir='ltr'><strong>cesta.</strong></span> <span class='ocrx_word' id='word_1_181' title='bbox 399 3246 433 3260; x_wconf 93' lang='lat'><em>-</em></span> <span class='ocrx_word' id='word_1_182' title='bbox 462 3213 812 3290; x_wconf 82' lang='lat' dir='ltr'><strong>proficiscebatur.)</strong></span> <span class='ocrx_word' id='word_1_183' title='bbox 828 3211 997 3286; x_wconf 82' lang='lat' dir='ltr'><strong>proficiebst.</strong></span> <span class='ocrx_word' id='word_1_184' title='bbox 1010 3237 1043 3252; x_wconf 90' lang='lat'><strong>-·</strong></span> <span class='ocrx_word' id='word_1_185' title='bbox 1061 3209 1116 3262; x_wconf 73' lang='grc' dir='ltr'><strong>ἀοι·</strong></span> 
     </span>
     <span class='ocr_line' id='line_1_25' title="bbox 80 3298 1118 3370; baseline -0.011 -12"><span class='ocrx_word' id='word_1_186' title='bbox 80 3307 254 3370; x_wconf 69' lang='lat' dir='ltr'><strong>veritos.)</strong></span> <span class='ocrx_word' id='word_1_187' title='bbox 278 3321 336 3360; x_wconf 84' lang='lat' dir='ltr'><strong>esse</strong></span> <span class='ocrx_word' id='word_1_188' title='bbox 353 3305 428 3358; x_wconf 83' lang='lat' dir='ltr'><strong>deus·</strong></span> <span class='ocrx_word' id='word_1_189' title='bbox 453 3330 489 3343; x_wconf 94' lang='lat'><em>-</em></span> <span class='ocrx_word' id='word_1_190' title='bbox 512 3304 548 3355; x_wconf 82' lang='lat' dir='ltr'><strong>irs</strong></span> <span class='ocrx_word' id='word_1_191' title='bbox 571 3303 729 3370; x_wconf 79' lang='lat' dir='ltr'><strong>injuriis</strong></span> <span class='ocrx_word' id='word_1_192' title='bbox 748 3328 783 3342; x_wconf 93' lang='lat'><em>-</em></span> <span class='ocrx_word' id='word_1_193' title='bbox 807 3299 1017 3362; x_wconf 73' lang='lat' dir='ltr'><strong>existeret.)</strong></span> <span class='ocrx_word' id='word_1_194' title='bbox 1035 3298 1118 3365; x_wconf 77' lang='lat' dir='ltr'><strong>inju-</strong></span> 
     </span>
     <span class='ocr_line' id='line_1_26' title="bbox 81 3385 1117 3459; baseline -0.009 -16"><span class='ocrx_word' id='word_1_195' title='bbox 81 3397 158 3444; x_wconf 83' lang='lat' dir='ltr'><strong>riosa</strong></span> <span class='ocrx_word' id='word_1_196' title='bbox 180 3401 231 3444; x_wconf 83' lang='lat' dir='ltr'><strong>aut</strong></span> <span class='ocrx_word' id='word_1_197' title='bbox 254 3389 373 3459; x_wconf 83' lang='lat' dir='ltr'><strong>superba</strong></span> <span class='ocrx_word' id='word_1_198' title='bbox 395 3404 457 3457; x_wconf 81' lang='lat' dir='ltr'><strong>erga</strong></span> <span class='ocrx_word' id='word_1_199' title='bbox 485 3401 590 3459; x_wconf 81' lang='lat' dir='ltr'><strong>petrem</strong></span> <span class='ocrx_word' id='word_1_200' title='bbox 613 3405 694 3442; x_wconf 88' lang='lat' dir='ltr'><strong>suum</strong></span> <span class='ocrx_word' id='word_1_201' title='bbox 721 3397 747 3439; x_wconf 89' lang='lat' dir='ltr'><strong>et</strong></span> <span class='ocrx_word' id='word_1_202' title='bbox 773 3390 802 3438; x_wconf 86' lang='lat' dir='ltr'><strong>ln</strong></span> <span class='ocrx_word' id='word_1_203' title='bbox 831 3395 945 3438; x_wconf 85' lang='lat' dir='ltr'><strong>matrem</strong></span> <span class='ocrx_word' id='word_1_204' title='bbox 977 3385 1117 3436; x_wconf 73' lang='lat' dir='ltr'><strong>existeret·</strong></span> 
     </span>
     <span class='ocr_line' id='line_1_27' title="bbox 82 3456 1119 3543; baseline -0.012 -15"><span class='ocrx_word' id='word_1_205' title='bbox 82 3476 161 3530; x_wconf 77' lang='lat' dir='ltr'><strong>Tota</strong></span> <span class='ocrx_word' id='word_1_206' title='bbox 175 3475 243 3528; x_wconf 78' lang='lat' dir='ltr'><strong>base</strong></span> <span class='ocrx_word' id='word_1_207' title='bbox 260 3475 390 3543; x_wconf 84' lang='lat' dir='ltr'><strong>periodus</strong></span> <span class='ocrx_word' id='word_1_208' title='bbox 405 3477 437 3526; x_wconf 85' lang='lat' dir='ltr'><strong>iss</strong></span> <span class='ocrx_word' id='word_1_209' title='bbox 453 3476 507 3526; x_wconf 87' lang='lat' dir='ltr'><strong>isto</strong></span> <span class='ocrx_word' id='word_1_210' title='bbox 530 3474 624 3527; x_wconf 88' lang='lat' dir='ltr'><strong>codice</strong></span> <span class='ocrx_word' id='word_1_211' title='bbox 641 3470 683 3526; x_wconf 85' lang='lat' dir='ltr'><strong>bis</strong></span> <span class='ocrx_word' id='word_1_212' title='bbox 698 3472 815 3538; x_wconf 73' lang='lat' dir='ltr'><strong>legitur,</strong></span> <span class='ocrx_word' id='word_1_213' title='bbox 839 3469 935 3522; x_wconf 77' lang='lat' dir='ltr'><strong>iisdem</strong></span> <span class='ocrx_word' id='word_1_214' title='bbox 953 3483 1038 3536; x_wconf 85' lang='lat' dir='ltr'><strong>paene</strong></span> <span class='ocrx_word' id='word_1_215' title='bbox 1054 3456 1119 3518; x_wconf 62' lang='lat' dir='ltr'><strong>rar-</strong></span> 
     </span>
     <span class='ocr_line' id='line_1_28' title="bbox 80 3551 1118 3628; baseline -0.013 -14"><span class='ocrx_word' id='word_1_216' title='bbox 80 3559 129 3614; x_wconf 85' lang='lat' dir='ltr'><strong>bis</strong></span> <span class='ocrx_word' id='word_1_217' title='bbox 147 3563 270 3628; x_wconf 78' lang='lat' dir='ltr'><strong>repetita.</strong></span> <span class='ocrx_word' id='word_1_218' title='bbox 287 3583 321 3620; x_wconf 63' lang='lat' dir='ltr'><strong>-r</strong></span> <span class='ocrx_word' id='word_1_219' title='bbox 353 3557 587 3610; x_wconf 75' lang='lat' dir='ltr'><strong>salutatione</strong></span> <span class='ocrx_word' id='word_1_220' title='bbox 609 3565 690 3608; x_wconf 66' lang='lat' dir='ltr'><strong>ana*</strong></span> <span class='ocrx_word' id='word_1_221' title='bbox 708 3560 738 3608; x_wconf 80' lang='lat' dir='ltr'><strong>tn</strong></span> <span class='ocrx_word' id='word_1_222' title='bbox 758 3555 986 3614; x_wconf 78' lang='lat' dir='ltr'><strong>salutatione-sue</strong></span> <span class='ocrx_word' id='word_1_223' title='bbox 1004 3554 1049 3605; x_wconf 80' lang='lat' dir='ltr'><strong>rel</strong></span> <span class='ocrx_word' id='word_1_224' title='bbox 1066 3551 1118 3602; x_wconf 82' lang='lat' dir='ltr'><strong>eli·</strong></span> 
     </span>
     <span class='ocr_line' id='line_1_29' title="bbox 80 3639 1119 3714; baseline -0.012 -18"><span class='ocrx_word' id='word_1_225' title='bbox 80 3661 146 3714; x_wconf 73' lang='lat' dir='ltr'><strong>qna.</strong></span> <span class='ocrx_word' id='word_1_226' title='bbox 172 3669 208 3684; x_wconf 90' lang='lat'>-</span> <span class='ocrx_word' id='word_1_227' title='bbox 241 3643 405 3712; x_wconf 79' lang='lat' dir='ltr'><strong>Denique</strong></span> <span class='ocrx_word' id='word_1_228' title='bbox 426 3640 592 3710; x_wconf 86' lang='lat' dir='ltr'><strong>primum)</strong></span> <span class='ocrx_word' id='word_1_229' title='bbox 623 3639 706 3709; x_wconf 85' lang='lat' dir='ltr'><strong>Quod</strong></span> <span class='ocrx_word' id='word_1_230' title='bbox 725 3643 905 3710; x_wconf 78' lang='lat' dir='ltr'><strong>primum-</strong></span> <span class='ocrx_word' id='word_1_231' title='bbox 935 3645 973 3687; x_wconf 79' lang='lat' dir='ltr'><strong>ut</strong></span> <span class='ocrx_word' id='word_1_232' title='bbox 995 3651 1119 3686; x_wconf 80' lang='lat' dir='ltr'><strong>enm·-</strong></span> 
     </span>
     <span class='ocr_line' id='line_1_30' title="bbox 81 3718 1120 3794; baseline -0.014 -12"><span class='ocrx_word' id='word_1_233' title='bbox 81 3731 250 3794; x_wconf 76' lang='lat' dir='ltr'><strong>dicant.)</strong></span> <span class='ocrx_word' id='word_1_234' title='bbox 276 3739 310 3782; x_wconf 85' lang='lat' dir='ltr'><strong>ut</strong></span> <span class='ocrx_word' id='word_1_235' title='bbox 330 3726 469 3790; x_wconf 86' lang='lat' dir='ltr'><strong>homines,</strong></span> <span class='ocrx_word' id='word_1_236' title='bbox 495 3741 558 3779; x_wconf 82' lang='lat' dir='ltr'><strong>cum</strong></span> <span class='ocrx_word' id='word_1_237' title='bbox 581 3729 744 3778; x_wconf 79' lang='lat' dir='ltr'><strong>seinvicem</strong></span> <span class='ocrx_word' id='word_1_238' title='bbox 766 3723 927 3784; x_wconf 82' lang='lat' dir='ltr'><strong>salutarent,</strong></span> <span class='ocrx_word' id='word_1_239' title='bbox 945 3718 1120 3788; x_wconf 73' lang='lat' dir='ltr'><strong>deogratias</strong></span> 
     </span>
     <span class='ocr_line' id='line_1_31' title="bbox 80 3805 1119 3886; baseline -0.013 -18"><span class='ocrx_word' id='word_1_240' title='bbox 80 3811 293 3886; x_wconf 83' lang='lat' dir='ltr'><strong>reaponder&#39;cnt.</strong></span> <span class='ocrx_word' id='word_1_241' title='bbox 360 3815 420 3862; x_wconf 80' lang='lat' dir='ltr'><strong>Deo</strong></span> <span class='ocrx_word' id='word_1_242' title='bbox 442 3811 550 3880; x_wconf 77' lang='lat' dir='ltr'><strong>gratias</strong></span> <span class='ocrx_word' id='word_1_243' title='bbox 573 3825 745 3864; x_wconf 82' lang='lat' dir='ltr'><strong>communem</strong></span> <span class='ocrx_word' id='word_1_244' title='bbox 775 3807 922 3864; x_wconf 76' lang='lat' dir='ltr'><strong>admodum</strong></span> <span class='ocrx_word' id='word_1_245' title='bbox 948 3805 1119 3860; x_wconf 75' lang='lat' dir='ltr'><strong>ulutstionts</strong></span> 
     </span>
     <span class='ocr_line' id='line_1_32' title="bbox 79 3889 1120 3963; baseline -0.017 -9"><span class='ocrx_word' id='word_1_246' title='bbox 79 3900 234 3956; x_wconf 73' lang='lat' dir='ltr'><strong>formulam</strong></span> <span class='ocrx_word' id='word_1_247' title='bbox 249 3899 336 3952; x_wconf 79' lang='lat' dir='ltr'><strong>fnisse</strong></span> <span class='ocrx_word' id='word_1_248' title='bbox 352 3894 515 3950; x_wconf 82' lang='lat' dir='ltr'><strong>Christisnis</strong></span> <span class='ocrx_word' id='word_1_249' title='bbox 531 3897 576 3948; x_wconf 80' lang='lat' dir='ltr'><strong>vel</strong></span> <span class='ocrx_word' id='word_1_250' title='bbox 593 3899 686 3963; x_wconf 84' lang='lat' dir='ltr'><strong>posius</strong></span> <span class='ocrx_word' id='word_1_251' title='bbox 703 3893 842 3947; x_wconf 80' lang='lat' dir='ltr'><strong>reonechis</strong></span> <span class='ocrx_word' id='word_1_252' title='bbox 860 3903 973 3946; x_wconf 77' lang='lat' dir='ltr'><strong>testetur</strong></span> <span class='ocrx_word' id='word_1_253' title='bbox 986 3889 1120 3955; x_wconf 74' lang='lat' dir='ltr'><strong>Augusti-</strong></span> 
     </span>
     <span class='ocr_line' id='line_1_33' title="bbox 78 3974 1117 4045; baseline -0.019 -5"><span class='ocrx_word' id='word_1_254' title='bbox 78 4003 135 4040; x_wconf 85' lang='lat' dir='ltr'><strong>nus</strong></span> <span class='ocrx_word' id='word_1_255' title='bbox 152 3991 184 4040; x_wconf 82' lang='lat' dir='ltr'><strong>is</strong></span> <span class='ocrx_word' id='word_1_256' title='bbox 200 3985 247 4040; x_wconf 84' lang='lat' dir='ltr'><strong>Ps.</strong></span> <span class='ocrx_word' id='word_1_257' title='bbox 265 3981 432 4043; x_wconf 65' lang='lat' dir='ltr'><strong>cxxxn„</strong></span> <span class='ocrx_word' id='word_1_258' title='bbox 456 3979 506 4036; x_wconf 81' lang='lat' dir='ltr'><strong>ubi</strong></span> <span class='ocrx_word' id='word_1_259' title='bbox 523 3978 590 4034; x_wconf 87' lang='lat' dir='ltr'><strong>haec</strong></span> <span class='ocrx_word' id='word_1_260' title='bbox 607 3979 701 4032; x_wconf 84' lang='lat' dir='ltr'><strong>habet:</strong></span> <span class='ocrx_word' id='word_1_261' title='bbox 721 3979 760 4028; x_wconf 82' lang='lat' dir='ltr'><strong>Hi</strong></span> <span class='ocrx_word' id='word_1_262' title='bbox 778 3979 860 4029; x_wconf 77' lang='lat' dir='ltr'><strong>etiam</strong></span> <span class='ocrx_word' id='word_1_263' title='bbox 877 3975 1041 4045; x_wconf 68' lang='lat' dir='ltr'><strong>[Agonisttct</strong></span> <span class='ocrx_word' id='word_1_264' title='bbox 1057 3974 1117 4022; x_wconf 79' lang='lat' dir='ltr'><strong>sire</strong></span> 
     </span>
     <span class='ocr_line' id='line_1_34' title="bbox 78 4053 1120 4132; baseline -0.02 -7"><span class='ocrx_word' id='word_1_265' title='bbox 78 4068 347 4132; x_wconf 80' lang='lat' dir='ltr'><strong>Circumcelliones)</strong></span> <span class='ocrx_word' id='word_1_266' title='bbox 362 4064 495 4118; x_wconf 81' lang='lat' dir='ltr'><strong>insultare</strong></span> <span class='ocrx_word' id='word_1_267' title='bbox 511 4063 589 4117; x_wconf 80' lang='lat' dir='ltr'><strong>nobie</strong></span> <span class='ocrx_word' id='word_1_268' title='bbox 609 4065 723 4127; x_wconf 78' lang='lat' dir='ltr'><strong>nudent,</strong></span> <span class='ocrx_word' id='word_1_269' title='bbox 744 4061 810 4130; x_wconf 78' lang='lat' dir='ltr'><strong>quie</strong></span> <span class='ocrx_word' id='word_1_270' title='bbox 823 4059 950 4130; x_wconf 80' lang='lat' dir='ltr'><strong>fratres,</strong></span> <span class='ocrx_word' id='word_1_271' title='bbox 977 4073 1055 4128; x_wconf 72' lang='lat' dir='ltr'><strong>poem</strong></span> <span class='ocrx_word' id='word_1_272' title='bbox 1073 4053 1120 4105; x_wconf 76' lang='lat' dir='ltr'><strong>vi-</strong></span> 
     </span>
    </p>
   </div>
   <div class='ocr_carea' id='block_1_9' title="bbox 125 4145 808 4240">
    <p class='ocr_par' dir='ltr' id='par_1_9' title="bbox 125 4145 808 4240">
     <span class='ocr_line' id='line_1_35' title="bbox 125 4145 808 4240; baseline -0.015 -16"><span class='ocrx_word' id='word_1_273' title='bbox 125 4170 196 4224; x_wconf 76' lang='lat' dir='ltr'><strong>ced.</strong></span> <span class='ocrx_word' id='word_1_274' title='bbox 213 4145 382 4240; x_wconf 69' lang='lat' dir='ltr'><strong>Apocrypls.¹</strong></span> <span class='ocrx_word' id='word_1_275' title='bbox 398 4165 456 4219; x_wconf 78' lang='lat' dir='ltr'><strong>rot</strong></span> <span class='ocrx_word' id='word_1_276' title='bbox 467 4167 494 4220; x_wconf 87' lang='lat'><strong>1.</strong></span> <span class='ocrx_word' id='word_1_277' title='bbox 763 4149 789 4207; x_wconf 79' lang='grc' dir='ltr'>Ζ</span> <span class='ocrx_word' id='word_1_278' title='bbox 806 4213 808 4222; x_wconf 76' lang='grc'>,</span> 
     </span>
    </p>
   </div>
   <div class='ocr_carea' id='block_1_10' title="bbox 0 0 1404 4776">
    <p class='ocr_par' dir='ltr' id='par_1_10' title="bbox 0 0 1404 4776">
     <span class='ocr_line' id='line_1_36' title="bbox 0 0 1404 4776; baseline 0 0"><span class='ocrx_word' id='word_1_279' title='bbox 0 0 1404 4776; x_wconf 95' lang='lat' dir='ltr'><strong> </strong></span> 
     </span>
    </p>
   </div>
  </div>
 </body>
</html>
