2800 4776
584 313 974 398 ,-cxxxvr-

187 533 189 540 ‘
281 505 377 578 editis
407 519 441 571 et
471 507 696 593 manuscriptis
722 500 976 590 praeferrem,
1020 498 1122 564 movit
1156 519 1217 567 nos
1256 521 1348 566 oum

194 637 198 648 ³
283 627 410 677 suntme
439 609 560 674 codicis
588 621 751 686 vetustas,
795 615 862 670 tum
894 602 1047 668 universe
1085 612 1195 696 textus
1225 601 1361 690 ipsius.

283 713 501 798 praestantia,
536 711 587 774 ad
600 731 693 800 quem
715 693 858 792 reliquos
880 704 1115 788 vetustissimos
1136 698 1177 767 et?
1192 707 1348 790 optimos

282 811 384 878 libros
405 814 551 898 proxime
566 812 703 878 vidimus
725 811 892 877 accedere.
926 805 1057 871 Passim·
1072 817 1179 870 tamen
1199 809 1228 871 is
1249 828 1349 892 quo-

286 936 348 1002 que
370 933 435 982 non
450 926 573 978 tuntum
589 916 766 1000 scripturae
783 914 863 976 vitia
881 907 979 974 habet
999 920 1033 970 et
1048 904 1204 974 lectiones
1222 910 1349 974 minus

207 1012 212 1024 “
286 1013 490 1102 probabiles,
520 1015 696 1082 sedaliam
723 1009 1027 1100 interpolationibus
1048 1022 1080 1073 et
1101 1011 1350 1076 onussionibns

289 1117 479 1202 depracatus
502 1118 781 1200 estt⁴cujusmodi
803 1114 894 1181 locos
915 1111 1085 1200 plerosque
1106 1113 1140 1176 in
1161 1113 1233 1197 ipso
1258 1135 1353 1178 con-

289 1231 379 1282 textu
400 1221 580 1284 notavimus
601 1231 634 1283 et
655 1239 698 1284 ex
719 1217 857 1284 aliorum
870 1215 972 1281 codd.
993 1212 1058 1278 fide
1075 1209 1128 1276 vel
1146 1216 1350 1298 conjectura

88 1351 90 1360 ’
172 1353 177 1362 ·
287 1328 399 1388 nostra
419 1321 639 1400 restituimus,
664 1341 707 1386 no
729 1323 762 1384 iu
786 1320 920 1404 copiosa
940 1316 1147 1381 adnotatione
1170 1316 1210 1379 ad
1226 1315 1351 1382 ,Grae-

288 1441 361 1524 cnm
390 1435 513 1488 textum
539 1421 784 1488 observationes
813 1418 913 1504 hujus
941 1418 1070 1505 generis
1098 1416 1346 1486 delitescerent.

289 1518 381 1598 Quae
401 1511 704 1608 igitur'resecauda
725 1523 902 1602 videntur,
925 1521 1017 1585 nucis
1039 1517 1247 1598 inclusimus,
1280 1523 1347 1586 ad·

177 1703 183 1709 ,
289 1624 394 1688 denda
422 1645 498 1688 vero
526 1623 746 1714 lectionesque
775 1619 1016 1711 probabiliores.
1034 1634 1068 1686 et
1095 1613 1346 1700 emendationes

195 1726 199 1734 '
289 1724 501 1792 semicirculis
516 1728 727 1794 circumdatas
748 1730 815 1792 sois
836 1723 917 1790 locis
938 1725 1143 1806 inseruimus.
1179 1722 1344 1810 Syllogeu

169 1853 172 1874 1
290 1826 452 1891 variarum
480 1825 657 1894 lectionum
685 1842 794 1918 textus
819 1827 931 1893 Latini
960 1847 991 1911 p.
1012 1831 1092 1895 517.Ι
1114 1840 1343 1907 mmuoratam,

292 1943 387 2014 quam
408 1929 487 1994 olim
509 1931 635 1996 animus
659 1931 721 1996 fuit
747 1932 788 1996 ad
812 1928 934 1995 calcem
962 1921 1135 1992 voluminis
1162 1919 1361 2012 subjicere,

291 2043 404 2116 postea
425 2033 636 2118 seposuimus.
679 2030 750 2099 Nec
772 2034 859 2098 enim
879 2033 1023 2096 virorum
1044 2029 1210 2108 doctorum
1237 2031 1347 2096 inter-

291 2149 363 2196 esse
384 2145 508 2218 potest,
531 2137 658 2201 curiose
681 2131 877 2222 cognoscere
891 2135 927 2199 in
943 2128 1002 2194 tali
1021 2129 1106 2195 libro
1120 2129 1239 2196 Latino
1258 2135 1347 2196 scri·

181 2295 187 2312 ,
291 2227 407 2298 barum
438 2255 565 2318 errores
600 2234 827 2322 licentiamque
862 2231 914 2298 vel
945 2221 1070 2298 insulsa
1106 2232 1347 2299 monachornm

292 2335 498 2401 oscitantium
525 2337 791 2406 mendaciunculis
812 2349 847 2402 et
867 2334 1145 2422 interpolamenta.
1194 2334 1347 2415 Sufficit,

250 2521 257 2531 .
292 2435 407 2516 credo,
442 2449 567 2506 textum
599 2443 640 2506 ad
671 2439 771 2506 fidem
799 2438 897 2508 codd.
931 2439 1134 2502 emendatum
1166 2434 1347 2522 publicari.

293 2532 430 2604 Codices
445 2560 534 2620 vero,
557 2543 673 2630 quibus
686 2554 813 2628 praeter
825 2539 966 2605 Einsidl.
985 2541 1038 2604 usi
1054 2559 1176 2618 sumus,
1198 2536 1346 2628 bisunt:

379 2640 411 2726 1)
427 2639 506 2706 Cod.
522 2641 675 2710 Halensis
690 2642 844 2710 Biblictb.
859 2639 1143 2728 Orphanotrophci
1160 2639 1344 2708 membran.

291 2739 414 2806 formae
431 2757 574 2826 octavae,
597 2767 662 2813 sec.
676 2743 772 2810 XIV.
788 2741 841 2808 vel
854 2742 931 2809 XV.
947 2741 1117 2830 diligenter
1131 2756 1278 2806 exaratus
1295 2745 1343 2806 ad

168 2850 169 2854 ’
290 2840 387 2928 plura
407 2846 622 2932 exemplaria,
645 2850 680 2913 in
701 2846 819 2933 quibus
842 2867 924 2933 quae
940 2846 1068 2919 diversa
1089 2846 1222 2930 reperit,
1243 2866 1342 2930 prae·

295 2946 386 3029 cipue
407 2948 624 3014 additamenta
643 2962 675 3013 et
696 2951 908 3028 onrissiones,
931 2945 1038 3012 scriba
1058 2945 1236 3034 ipse.baud
1258 2966 1341 3031 pau·

293 3047 340 3109 cis
364 3043 444 3113 locis
467 3054 591 3115 notavit
609 3051 689 3134 ²³⁶).
733 3048 912 3137 Evangelio
933 3045 1105 3113 Nicodemi
1132 3047 1341 3134 subjungitur

292 3139 429 3234 epistola
449 3149 545 3217 Pilati
567 3152 635 3238 187)
664 3147 791 3250 aliaque
826 3152 969 3218 narratio
996 3149 1108 3216 affinis
1136 3151 1336 3237 argumenti,

297 3309 501 3334 ont—*-

362 3404 432 3474 1³6)
449 3409 559 3464 Praeter
577 3425 622 3466 ev.
641 3409 784 3466 Nicodemi
801 3410 840 3464 ibi
855 3413 981 3484 leguntur
1003 3409 1263 3474 mauraneum,
1283 3409 1336 3460 Vr-

263 3503 264 3508 ’
293 3491 375 3544 sinen
389 3495 476 3547 Coreli
491 3499 577 3564 Calui,
594 3501 637 3554 De
654 3500 743 3565 spirim
763 3499 885 3551 Guldouis
904 3504 932 3550 el
952 3497 1076 3548 lanberto
1088 3495 1197 3555 'senioris
1214 3497 1337 3559 ¹apocri.

219 3613 222 3628 .
291 3577 327 3629 ln
345 3579 461 3633 exordio
478 3597 523 3636 ev.
540 3582 639 3638 villose
657 3581 785 3650 scriptum
804 3590 845 3635 eet
861 3584 978 3634 sdcssimo
995 3585 1074 3649 primo
1091 3582 1132 3632 die
1148 3581 1340 3631 mensis‘morct'i

292 3667 432 3717 consulam.
467 3669 532 3732 Rufi
554 3674 604 3722 cel.
638 3671 739 3720 honis.
761 3671 788 3720 in
814 3685 879 3722 onec
904 3678 1004 3738 murto.
1035 3668 1201 3718 ducentesimo
1227 3665 1339 3716 secundo

293 3751 444 3817 olimpiadis.
479 3750 560 3806 Geni.
578 3770 606 3821 p.
622 3750 691 3808 497:
704 3770 745 3822 eq.
844 3765 846 3768 '
1051 3761 1055 3768 ’

362 3833 426 3902 137)
443 3835 506 3890 Vid.
524 3838 557 3890 ad
575 3853 603 3906 p.
620 3838 682 3893 796.
716 3835 836 3892 Alterius
855 3836 934 3892 Pilati
958 3836 1105 3906 epistolae,
1131 3849 1213 3904 quem
1228 3851 1259 3904 p.
1276 3836 1340 3890 801.

291 3934 332 3988 sq·
351 3920 452 3990 hebes,
481 3937 555 3976 nunc
570 3921 628 3990 ipse
644 3922 771 3991 possideo
789 3923 891 3992 duplex
913 3924 1053 3992 exemplar
1072 3921 1111 3980 ibi
1126 3937 1185 3992 nnn
1202 3935 1340 3974 memora-

291 4012 365 4072 tom,
399 4007 429 4062 in
454 4024 516 4062 rere
541 4005 704 4061 collectione
723 4010 897 4078 'quorumdem
925 4009 1115 4078 opusculorum
1140 4024 1156 4059 s
1180 4003 1338 4075 christoph.

207 4119 213 4127 ·
291 4089 407 4148 Scburlo
434 4110 458 4147 s.
481 4092 612 4149 Sobeurlo
644 4091 686 4146 bis
711 4092 790 4150 edite.
837 4094 953 4152 Ρτὶπιωιι
986 4111 1019 4150 oe
1045 4091 1144 4164 prodiit
1167 4095 1221 4146 boo
1240 4091 1339 4147 titulo:
