2764 4774
453 319 455 325 ’
640 371 691 392 -
748 299 916 406 1110.-

259 533 357 618 juxta
380 507 567 599 Hebraeos,
602 522 680 584 item
698 514 844 580 historia
863 506 1062 597 ,Apostolica
1090 501 1218 571 Abdiae
1248 517 1321 568 etc.

262 633 305 698 Et
332 627 409 714 quid
435 622 544 688 multis
573 599 610 685 te*
634 609 814 697 moramur,
843 615 955 681 lector
972 604 1150 676 benevolef
1193 607 1325 672 Perseis

263 733 372 800 omnia
394 728 519 811 accipe:
556 721 703 787 Historia
730 718 881 806 losephi,
908 716 994 784 fabri
1016 713 1167 802 lignarii,
1196 709 1324 795 lingua
1360 737 1361 740 ¹

264 832 417 902 Hebraea
439 839 591 892 contexta
612 831 695 890 ert.“
737 822 903 888 Postremo
933 818 1094 884 coronidis
1121 811 1197 879 loco
1221 810 1322 876 addis
1360 847 1361 852 κ

250 937 311 1006 ’0111
336 927 507 1018 epistolam
527 921 682 991 Maturini
706 925 882 1008 Vayssiere
908 923 959 987 La
981 918 1105 996 Crosa,
1130 919 1167 982 10
1188 916 1322 1002 queis,

266 1036 342 1126 quid
362 1031 427 1097 sibi
449 1031 488 1093 de
516 1030 620 1114 patria
648 1041 681 1090 et
708 1029 833 1112 origine
861 1025 967 1089 istius·
983 1023 1094 1107 scripti
1123 1021 1229 1109 uisum
1259 1019 1320 1092 sit,

267 1132 439 1225 significat.
483 1126 772 1214 comsumpta
792 1147 909 1192 nornen
932 1127 1016 1212 apnd
1037 1116 1223 1188 0010010100
1247 1139 1322 1184 uon

266 1244 313 1306 110
340 1235 438 1302 fuerit
464 1228 800 1310 celebratum,·initio
822 1251 858 1294 00
879 1231 1074 1315 suspicatum
1097 1223 1170 1289 0000Ι
1190 1223 1323 1302 scribit,

248 1342 331 1408 'hoc
353 1357 434 1430 opus
453 1336 487 1397 in
502 1331 677 1418 Hispania,
699 1335 733 1396 in
756 1353 820 1418 qua
839 1351 929 1396 amor
951 1353 1007 1396 seu
1032 1331 1161 1396 deuotio
1180 1325 1323 1414 losephi

267 1439 424 1528 imprimis
459 1435 586 1520 vigeat,
623 1433 820 1520 elaboratum
854 1433 954 1498 fuisse
987 1430 1028 1497 ab
1066 1427 1173 1516 aliquo
1202 1436 1341 1492 eorum'

268 1541 545 1619 Christianorum,
575 1557 655 1621 quos
684 1535 762 1602 olim
791 1533 985 1602 hlozarabas
1007 1531 1219 1619 appellabant.
1264 1530 1319 1594 st-

268 1645 398 1734 quidem
420 1653 527 1703 temen
544 1639 655 1720 judice
670 1635 817 1703 Wnllino
839 1638 932 1704 011100
946 1635 1034 1702 illius
1053 1633 1141 1699 idem
1162 1632 1259 1719 plane
1272 1637 1320 1698 sit

270 1761 364 1830 atque
385 1746 419 1806 in
443 1736 613 1825 evangelio
640 1739 815 1818 infantiae,
844 1743 953 1826 potius
976 1735 1153 1802 Christiani
1177 1733 1318 1818 aliocujus

179 1923 180 1928 ἵ
270 1833 456 1913 Nestoriani
490 1841 612 1906 foetum
626 1862 710 1906 esse
739 1845 900 1928 opinatur.
958 1839 1009 1906 Ab
1038 1829 1201 1924 ejusmodi·
1229 1841 1319 1904 enim

271 1949 400 2014 homine
430 1939 632 2028 evangelium
661 1943 816 2010 infantiae
838 1942 1011 2008 Arabicum
1032 1937 1211 2028 profectum
1232 1961 1319 2020 esse,

271 2063 366 2116 autea
378 2047 460 2132 jam.
475 2044 611 2132 probare
633 2060 765 2110 conatus
782 2061 851 2111 crat
871 2047 923 2111 La
939 2041 1045 2108 Croze
1057 2045 1098 2107 10
1121 2041 1257 2128 epistola
1276 2045 1319 2108 ad

200 2139 204 2147 .
271 2149 456 2218 Fabricium
478 2147 570 2224 data,
593 2168 687 2232 quam
709 2149 743 2212 10
762 2145 967 2234 paragrapho
989 2157 1141 2231 sequente
1164 2147 1311 2238 reperis.¹
1360 2183 1361 2186 κ

357 2249 448 2318 Haec
477 2260 552 2314 sunt
580 2270 661 2334 quae
690 2271 732 2313 ex
760 2250 958 2334 praefatione
989 2245 1127 2312 Wallini
1151 2245 1247 2313 hodie
1268 2248 1319 2314 le-

274 2367 398 2420 ctorum
420 2353 555 2415 interest
576 2373 683 2416 nosse.
726 2352 795 2416 Vix
817 2365 923 2416 autem
945 2350 1096 2437 estquod
1119 2371 1319 2430 moneamus,

199 2529 200 2534 ἵ
276 2455 465 2538 (1010010100
487 2465 520 2517 01
542 2464 647 2516 aetate
672 2455 767 2518 istius
796 2451 949 2518 historiae
976 2472 1039 2516 non
1061 2454 1106 2516 ita
1128 2473 1147 2514 a
1168 2455 1238 2517 viro
1261 2455 1319 2518 do-

275 2570 328 2620 010
349 2554 553 2638 disquisitum
575 2569 607 2619 01
627 2556 838 2640 disceptatum
860 2575 949 2632 esse,
972 2569 1008 2620 01
1029 2555 1062 2618 10
1080 2557 1239 2619 sententia
1251 2551 1321 2621 lata

222 2727 224 2732 ,
275 2657 477 2741 acquiescere
500 2653 606 2720 liceat.
650 2653 748 2722 Plura
768 2658 879 2722 ius-unt
893 2653 1005 2722 libello
1022 2657 1210 2720 recentioris
1230 2671 1319 2722 aeta-

90 2845 93 2852 ,
151 2813 159 2822 .
216 2751 225 2765 '
275 2761 317 2824 tis
338 2757 459 2821 iudicia
476 2755 676 2839 ewellino,
699 2763 751 2848 qui
772 2761 1000 2827 intermedias
1022 2761 1146 2824 itineris
1170 2753 1347 2832 tumultus,

274 2859 337 2924 hoc
358 2858 522 2924 doetrinae
543 2865 704 2946 specimen
726 2863 844 2942 edidit,
875 2862 1037 2950 neglecta,
1069 2879 1129 2923 nec
1152 2873 1255 2943 potest
1275 2863 1317 2938 01,
1360 2863 1361 2872 ’

278 2957 403 3045 qtralem
425 2980 508 3024 0000
531 2959 704 3044 haheuurs,
736 2967 793 3030 1011
812 2959 870 3028 illa
892 2965 1057 3028 vetustatis
1086 2959 1191 3046 gloria
1219 2963 1319 3026 vindi·
1360 3009 1361 3018 .

277 3064 361 3136 cari;
397 3083 575 3148 quanquam
597 3087 672 3150 pars
693 3065 795 3130 libelli
818 3087 837 3130 0
858 3087 927 3152 cap.
941 3061 983 3128 ll.
1006 3063 1045 3129 ad
1068 3083 1137 3150 cap.
1158 3061 1236 3144 lx„
1265 3087 1318 3128 cu·
1360 3111 1361 3122 .

194 3246 196 3254 Ι
272 3167 328 3248 jus
350 3162 435 3226 idem
458 3165 508 3228 001
536 3181 757 3252 argumentum
787 3189 859 3232 cum
884 3165 1125 3253 protevaugelio
1148 3161 1259 3231 Jacobi
1287 3181 1321 3230 et

277 3261 446 3350 evaugelio
482 3267 522 3331 de
558 3270 723 3332 nativitate
753 3267 897 3349 Mariae,
934 3291 1013 3356 prae
1043 3263 1094 3333 his
1121 3267 1317 3352 simplicitate

279 3367 471 3431 narrationis
492 3388 556 3462 uon
575 3381 622 3433 101
636 3367 758 3435 fictitiis
779 3370 944 3437 utiraculis
966 3357 1141 3436 exornatae
1163 3391 1317 3434 commen·

280 3467 427 3532 01010001
450 3489 490 3532 ex
510 3472 733 3556 antiquissimo
756 3475 916 3557 sjtrsmodi
946 3471 1215 3561 pseudevangelio
1241 3469 1316 3536 hau·

279 3583 423 3634 0100000
446 3570 579 3636 videtur.
622 3566 691 3639 Nos
718 3578 812 3640 istam
839 3574 974 3662 losephi
994 3575 1158 3639 historiam
1183 3595 1220 3637 eo
1241 3595 1336 3637 con-·
1360 3617 1361 3672 p

278 3668 355 3734 silio
376 3669 588 3759 conscriptam
609 3695 680 3739 esse
701 3691 866 3762 putamus,
886 3675 1067 3743 0110011001
1089 3673 1316 3742 ecclesiasticae

279 3775 315 3834 in
342 3772 426 3836 festo
462 3771 597 3860 losephi
632 3779 804 3844 inserviret
837 3794 869 3845 et
901 3779 1147 3848 celebrationem
1179 3782 1314 3866 ejusdem
1360 3843 1361 3856 ,

278 3871 459 3940 Salvatoris
480 3873 580 3960 ipsius
602 3885 788 3946 auctoritate
810 3885 1065 3962 commendarem
1097 3883 1177 3968 quod
1192 3903 1260 3946 cum
1275 3905 1314 3946 ex

279 3977 412 4040 introitu
434 3991 465 4042 et
487 3976 647 4061 clausula,
666 3987 738 4050 'tum
757 4007 799 4050 ex
821 4007 911 4072 capp.
927 3984 1104 4052 xxvia
1119 3983 1233 4049 XXX.
1255 3981 1314 4048 col-

279 4074 419 4160 ligimus.
463 4079 535 4148 Hoc
552 4099 668 4152 autem
695 4088 814 4154 festum
840 4109 880 4154 00
909 4090 978 4169 die,
1008 4108 1072 4175 quo
1100 4085 1254 4172 losephus
1282 4089 1313 4150 in
1360 4125 1361 4144 .
