2754 4792
466 339 748 418 -621-
857 398 894 454 ,¹

85 531 144 590 laea
165 531 276 599 monela
298 530 432 594 oliviferi
450 547 533 612 parte
554 533 728 612 explieeaie-
743 548 817 598 eete.
836 534 1018 610 qnoamiaoe
1040 539 1125 613 veri,

83 616 191 674 eimile·
204 617 374 679 ridebatur,
412 616 561 676 chriarum
585 619 754 676 redivivum
775 618 905 694 primum
927 621 960 681 io
980 621 1116 693 Galilaea,
1221 606 1226 626 ⁸

82 687 207 776 regioire
229 699 347 776 longine
371 699 588 776 Hierosolymis
610 703 751 768 distante.
780 701 930 777 dieoipulia
951 724 981 760 ιο
1002 706 1117 782 oonepi·

83 784 420 861 eieodnmxpraeboieee·
462 785 532 845 vid.
561 786 666 845 Matala.
686 787 829 852 xxvnt.
853 799 881 852 7.
906 805 952 845 ιο.
1002 793 1057 848 set
1079 807 1118 847 ne

81 868 171 946 pltea
184 870 229 926 ale
250 870 309 928 hoo
330 884 495 927 commento
516 869 806 946 &aeramen-quoi
824 870 856 928 iet
872 886 955 932 textu
975 875 1039 934 eod.
1054 878 1117 934 tar.

81 955 123 1011 D.
140 951 262 1012 iorteeee
276 954 447 1029 reepioitor.
468 954 498 1009 iel
513 955 632 1030 quidem
647 969 780 1032 apparet.
801 953 874 1012 olim
887 957 946 1028 jam
959 960 1118 1036 apparitio·

82 1057 152 1094 nem
175 1037 287 1094 Cirrieti
310 1057 326 1093 a
348 1038 495 1095 Matthaeo
517 1038 687 1115 detoriptam
709 1059 725 1095 e
747 1037 881 1114 pluribue
901 1060 967 1097 oum
990 1047 1117 1102 extren'e

84 1122 235 1180 metuam
256 1140 335 1186 eeee.
357 1139 442 1194 atque
462 1121 711 1198 probabilieiaela
731 1122 765 1182 lit
787 1123 953 1194 conjectura
972 1127 1061 1183 etiam
1083 1127 1118 1184 in

85 1207 203 1262 Graecia
220 1206 314 1262 noetri
330 1206 480 1285 Evangelii
500 1207 650 1266 ootlitibue
670 1205 810 1264 interditie
823 1207 890 1264 illie
904 1225 933 1266 et
946 1209 1118 1273 montranda
1202 1263 1205 1272 ,

85 1289 257 1346 nominibne
277 1307 406 1348 montem
427 1289 573 1346 olivarum
593 1289 742 1367 appellari.
785 1293 911 1347 letorum
929 1315 1000 1352 vero
1022 1291 1117 1353 nomir

84 1393 157 1430 nom
172 1390 311 1450 quaenam
329 1377 370 1432 eit
390 1375 530 1449 teeiptnra
552 1377 694 1450 genuina.
716 1391 833 1432 totuene
850 1393 932 1434 tuone
950 1377 1068 1436 oliviiar
1081 1393 1118 1434 ee
1211 1399 1215 1408 ·

82 1477 178 1514 naum
201 1461 405 1516 tantummodo
423 1460 458 1516 de
473 1458 567 1517 tribue
581 1459 642 1534 ejne
659 1457 832 1516 oniminibua
846 1458 1043 1534 eignifioetur.
1064 1463 1119 1521 rix

81 1542 195 1616 poterit
217 1541 343 1598 definiri.
386 1543 564 1618 scripturam
581 1543 680 1617 μομφῆ
698 1545 731 1600 in
753 1559 836 1599 textu
854 1547 978 1619 positam
1001 1547 1026 1602 ei
1049 1565 1119 1602 tota·

82 1625 266 1690 rideremus.
287 1646 391 1692 rotem
414 1628 550 1684 Graecam
571 1647 630 1684 erae
650 1627 834 1703 putabimur.
856 1631 977 1686 lorteeee
998 1629 1119 1703 μομφῆς.
1193 1683 1194 1686 ,

82 1710 201 1784 Nempe
219 1709 334 1768 eulmen
348 1711 470 1768 *montie
492 1709 623 1768 oliviferi
645 1711 680 1768 etl
699 1727 828 1768 taetrum
850 1712 939 1768 eitum
961 1714 1021 1774 diei
1045 1710 1120 1770 tolet

82 1814 162 1848 raone
180 1795 355 1864 offertionis,
373 1794 453 1870 quod
468 1813 574 1851 nomen
590 1797 743 1872 partimin
758 1797 917 1853 itinerariie
929 1796 1120 1854 Palaeetiraen·

84 1877 165 1934 eibne
181 1875 298 1952 legitur.
326 1878 453 1934 Potitum
468 1883 510 1933 eit
526 1898 562 1934 ex
581 1901 591 1932 ι
607 1883 695 1956 liegg.
710 1881 763 1944 XI,
779 1894 807 1946 7.
821 1878 870 1934 vel
884 1881 983 1952 potine
999 1896 1015 1936 e
1031 1884 1120 1958 llegg.
1204 1893 1210 1912 *

84 1963 203 2020 xxm.
223 1975 271 2030 ιε.
313 1954 361 2018 lii
382 1962 414 2018 ita
436 1981 512 2018 rere.
530 1961 612 2039 volg-
632 1987 707 2022 reone
721 1968 894 2036 offemioaia,
914 1965 946 2019 in
961 1983 1037 2022 rere.
1058 1965 1121 2020 Lar.

84 2045 208 2120 antique
228 2065 302 2100 morte
318 2049 431 2102 Amieeo
448 2062 477 2104 et
498 2047 574 2122 apud
596 2050 688 2110 Lxx.
712 2049 776 2123 ieet
790 2047 934 2118 Meooeii.
977 2047 1120 2108 Hebraico

83 2129 131 2186 ibi
160 2129 305 2220 ῃιηύιγὲι]
320 2137 381 2210 Ἳῃ
413 2151 489 2186 raone
513 2138 706 2214 corruptionis.
749 2139 832 2190 Lieet
856 2135 947 2213 igitur
970 2127 1120 2206 eoepioari·

82 2226 149 2296 ὅροι
166 2223 280 2296 μομφῆς
296 2235 411 2279 meatem
426 2227 641 2296 reprehensionis
655 2248 709 2304 pro
722 2245 822 2284 monte
836 2227 1006 2286 offeneionie
1020 2225 1120 2282 fiotum

85 2331 166 2372 eree:
216 2315 254 2366 At
276 2309 358 2385 plura
383 2309 455 2367 hoio
483 2313 663 2384 oonjeottrree
694 2313 824 2374 obetant.
859 2311 1013 2388 praeeipue
1040 2308 1120 2382 qootl

84 2387 177 2456 nemo
201 2392 349 2450 Clerietum
368 2413 409 2449 ex
429 2393 483 2448 illo
509 2393 637 2450 eulmine
664 2396 824 2454 eeoendieee
845 2395 973 2453 tradidit.
1017 2395 1121 2464 Neque

86 2481 202 2554 relique
229 2477 388 2553 scripturae
418 2479 540 2535 variatae
568 2482 718 2554 quomodo
746 2496 807 2536 orta
831 2481 885 2541 eit.
920 2478 960 2534 eie
981 2473 1122 2552 explicari
1212 2477 1215 2487 '

87 2561 197 2640 poteat.¹
238 2560 297 2616 Sub
318 2559 370 2616 ltao
392 2561 492 2636 potine
513 2581 619 2620 nornen
650 2563 769 2638 aliquod
788 2565 962 2622 liebraionrn
982 2559 1033 2616 rel
1053 2559 1122 2613 Διι-

90 2648 218 2704 meioum
238 2644 327 2701 latere
347 2645 474 2703 videtur.
519 2650 551 2702 ln
573 2665 699 2704 mentem
722 2648 804 2705 venit
823 2665 930 2704 noman
948 2643 1040 2726 ἹΒῚΞΠ
1055 2651 1122 2708 Ἢ.
1237 2663 1245 2682 ¹

88 2753 168 2792 morte
185 2735 276 2807 regirat
293 2735 339 2788 rel
355 2733 474 2804 regalia,
494 2731 578 2802 tuine
597 2731 724 2805 plurime
746 2733 823 2807 apud
841 2732 977 2791 Jutieicoe
1000 2729 1123 2804 antipto-

87 2841 137 2879 ιιι
159 2814 313 2872 memoria.
355 2817 401 2868 Ex
415 2814 472 2870 hoo
490 2815 567 2870 enim
589 2815 673 2872 facile
688 2833 797 2892 repetat
811 2815 955 2891 originem
970 2814 1124 2890 eoriptute·

85 2923 157 2968 mrn
182 2899 291 2974 μολήι,
318 2901 424 2973 parile
451 2915 570 2973 atquae
592 2900 717 2975 reliquae
743 2921 828 2975 eupra
856 2901 1032 2958 notavimue.
1073 2898 1125 2952 Eat

87 3005 189 3046 autem
209 2979 300 3064 'iiten
321 2997 369 3049 'tn
389 2999 544 3042 montanum
561 2989 698 3053 Iudaeae,
722 2985 894 3060 Ligletlooto
913 2985 945 3040 in
963 2983 1125 3060 Chorogra·

86 3072 162 3151 plaia
182 3070 328 3124 Matthaeo
344 3073 497 3145 praemineo
514 3089 544 3143 p.
555 3079 623 3138 178.
638 3071 773 3129 docente.
794 3067 859 3132 vel,
882 3069 908 3124 ei
920 3063 1080 3124 Relandom
1091 3062 1124 3118 in

86 3155 214 3215 Palaeet.
237 3172 264 3228 p.
289 3165 359 3220 254.
383 3155 482 3219 audie,
511 3165 572 3208 tota
589 3159 664 3228 regio
683 3165 815 3210 montano
838 3155 911 3208 cirta
926 3149 1126 3220 Hieroeolrmo.
1242 3177 1247 3186 =

87 3242 186 3298 urbere
209 3241 321 3311 regiam.
362 3239 508 3318 §ionjioiee
529 3237 619 3312 igitur
640 3239 671 3294 itl
694 3257 802 3296 nomen
823 3235 1008 3312 einguleriter
1029 3229 1126 3286 morati

90 3325 237 3384 olivifero
255 3322 434 3378 vindicatum
456 3340 515 3377 οιοο
538 3319 586 3376 vel
602 3340 617 3375 a
631 3322 765 3386 Judaeie.
789 3321 926 3396 quoniam
948 3318 974 3374 ie
992 3317 1067 3371 inter
1082 3333 1127 3370 oe·

91 3426 174 3468 teror
189 3393 312 3469 Judaoeo
327 3423 440 3462 montet
460 3423 594 3480 tanquam
610 3427 658 3462 rex
672 3407 826 3464 emineret.
847 3402 895 3459 rel
910 3422 926 3458 a
941 3399 1126 3482 Chrietienie.

94 3494 177 3570 qnod
193 3493 226 3547 in
242 3492 343 3546 eodem
362 3489 556 3547 Chtietuereae
570 3493 723 3565 praecipue
739 3489 933 3544 manifestetur
949 3499 1030 3542 eeeet.
1072 3481 1128 3538 Sed

94 3579 208 3634 ineerta
238 3575 306 3630 haee
326 3591 385 3632 eeee
412 3575 473 3648 ipae
494 3574 596 3633 fateor.
646 3577 747 3649 Neque
771 3590 865 3628 tamen
886 3573 1009 3628 certiore
1034 3565 1127 3623 habeo

97 3681 172 3737 quae
184 3659 345 3735 proferam'.
369 3660 394 3714 ei
411 3660 580 3736 etripturam
597 3659 680 3718 Mon.
694 3661 728 3714 Δ.
745 3675 850 3731 aequor
865 3672 893 3711 et
906 3671 1017 3732 praeter
1040 3649 1128 3707 olivi·

99 3746 196 3800 lerum
221 3743 256 3798 de
278 3741 337 3798 alio
360 3743 528 3798 Palaestinae
550 3759 648 3798 monte
670 3743 780 3816 oogito.
821 3741 916 3820 ⁴Apud
941 3734 1046 3794 Mattlt.
1067 3733 1085 3790 l
1105 3731 1127 3790 l.
1168 3783 1172 3788 .

98 3827 235 3904 plerique
257 3844 384 3883 montem
407 3825 563 3898 itabyrium
584 3827 645 3882 aire
660 3824 776 3880 Thabor
791 3823 918 3900 intelligi
932 3819 1054 3884 volaret
1076 3816 1129 3899 alii

99 3910 285 3970 Carmelum.
309 3909 363 3964 alii
383 3905 584 3982 clarmontem,
625 3915 664 3965 At
685 3908 761 3964 nulli
781 3909 887 3964 horum
908 3904 1053 3962 montium
1079 3919 1130 3956 no·

96 4015 168 4052 men
193 3995 265 4058 luit,
288 3994 417 4071 quodie
439 3992 498 4048 illie
520 3995 670 4070 seripturie
684 3996 827 4069 oottuptie
842 4007 984 4067 agnoitae.
1027 3988 1128 4042 Unum

98 4079 226 4138 omnino
254 4079 397 4156 repetitur
424 4078 454 4133 ln
482 4078 622 4152 tctlptttea
654 4097 730 4135 aeota
757 4076 853 4134 eimile
880 4073 986 4130 montie
1012 4087 1129 4132 nomen·
