2798 4776
416 368 808 463 ·----ιιι.ιι--Ι

69 531 219 624 apocrypha
245 533 454 604 catechesi
484 533 628 605 Lntlreri
656 531 802 606 Graeco·
806 539 927 610 latinae
947 543 1187 639 subiuncta,

74 639 221 725 equilen
240 659 294 704 cx
318 637 478 707 otheos
497 639 554 707 Jo.
568 637 725 728 Operini,
747 663 791 710 ex
811 664 874 734 qua
893 649 1061 721 duodecim
1079 679 1135 728 au·

81 743 119 806 tir
132 755 192 806 Μ
210 743 406 829 prodierat
417 739 615 810 Bihhmdri
633 743 832 832 opusculum.
872 748 925 816 De
945 749 1057 824 lihello
1079 749 1155 827 Ju-¹

83 841 193 910 crlr'rir
211 845 382 910 doetus·
368 865 414 910 ιιι
439 865 497 930 ep.
520 849 806 936 nuncupatoriap.
820 855 894 918 331.
912 853 993 922 haec
1011 871 1134 930 tantum
1200 895 1203 902 ·
1233 851 1237 860 ’

80 951 273 1031 pneumon:
317 947 439 1014 Extat
470 953 581 1012 eutem
600 959 636 1012 et
654 945 771 1016 temti
792 954 1013 1061 evangelium,
1049 969 1133 1051 qnod

82 1047 192 1114 ame
212 1065 241 1116 et
266 1051 412 1116 Latine
441 1069 512 1116 uua
539 1069 626 1114 nuuc
654 1039 781 1120 damus.
823 1053 861 1121 ld
890 1079 966 1124 uero
991 1061 1135 1133 Guilhel·

88 1169 155 1215 rau
169 1151 347 1233 tuellas,
372 1154 516 1218 eudone
536 1146 668 1232 Gallus,
690 1153 854 1238 professor
873 1155 1057 1247 linguarum
1077 1191 1135 1254 pe-

94 1256 263 1336 rtptitsruru
287 1258 416 1343 regius
433 1256 589 1334 Parisiis,
610 1255 690 1341 (qui)
711 1257 818 1322 studio
833 1267 1050 1346 cognoscendi
1065 1269 1136 1356 plu·

92 1356 153 1417 thr
169 1369 198 1420 et
216 1357 461 1445 investigandi
479 1355 602 1436 libros,
629 1356 745 1443 quihus
764 1377 900 1444 regnum
922 1363 1052 1434 Christi
1063 1393 1137 1457 pos·

85 1472 124 1518 aet
146 1461 359 1526 commodius
390 1460 584 1546 propagari,
616 1456 734 1524 mtdtas
761 1465 911 1548 regiones
939 1476 1134 1557 peragravit,

81 1561 167 1623 ethim
186 1581 281 1626 mace
316 1581 390 1626 uon
418 1557 523 1626 semel
549 1555 785 1646 hanegresaus,
822 1565 857 1630 in
886 1563 1020 1635 Oriente
1049 1578 1136 1662 apud

81 1657 282 1728 Christianos
303 1664 444 1749 reperit.
482 1661 542 1748 Aa
559 1681 637 1726 vero
657 1663 763 1747 ipsum
781 1685 906 1754 quoque
924 1670 1039 1740 debeat
1060 1699 1135 1742 cco·
1179 1709 1184 1718 ·
1204 1664 1211 1728 .'

76 1768 139 1828 scri
158 1786 235 1830 com
256 1767 406 1830 metetis
426 1737 551 1852 aliquot
571 1764 781 1850 apocryphis,
803 1791 887 1856 quae
907 1793 1137 1844 commemora·

76 1869 201 1946 ιίιιιιι,
221 1865 409 1936 lectoribus
426 1867 589 1952 judicium
610 1868 830 1956 relinquimur.
871 1871 1031 1943 Poetelius
1049 1895 1138 1948 certe

77 1983 234 2047 tutatur,
263 1968 356 2038 huuc
384 1967 572 2036 libellum
562 1994 597 2036 ιιι
625 1969 772 2059 ecclesiis
794 1970 1016 2043 Orientalibus
1041 1978 1136 2048 Chri·

81 2075 261 2136 sfieeorm
291 2071 428 2159 publice
454 2071 536 2162 legi:
574 2093 612 2137 ac
640 2074 788 2138 aestimat
814 2077 885 2161 ipse
910 2077 1071 2147 Poetelius
1100 2097 1137 2150 ut

79 2171 243 2260 gemmario
261 2176 351 2238 iuter
372 2173 478 2240 libros
505 2171 704 2261 theologicos
727 2189 761 2239 et
781 2173 883 2242 basim
905 2193 1001 2266 atque
1022 2183 1137 2270 sunda·

78 2291 224 2342 ruentum
250 2279 354 2342 totius
383 2276 541 2342 historiae
570 2273 777 2363 evangelicae
806 2292 839 2342 et
860 2298 956 2367 caput
976 2286 1157 2374 evangelii·

79 2379 260 2444 secuudon
272 2378 463 2444 diercum.“
504 2379 628 2444 Eadem
647 2380 784 2465 repetitu
804 2395 881 2448 sunt
900 2386 934 2454 iu
952 2384 1056 2453 altera
1070 2391 1138 2456 edi.

78 2484 170 2544 tione
190 2502 224 2544 a.
240 2487 335 2546 1567.
343 2501 463 2570 ,quae
480 2481 631 2560 omniuo,
658 2483 688 2544 si
706 2501 809 2566 pauca
826 2482 941 2550 Graeci
960 2501 1068 2574 textus
1091 2494 1139 2574 vi-
1173 2535 1176 2544 ι

83 2583 138 2646 tia
153 2596 299 2646 correcta
318 2585 482 2669 excipias,
509 2579 593 2648 nihil
610 2583 719 2648 differt
739 2603 759 2646 a
779 2588 891 2670 priori.
933 2587 1044 2674 ltaque
1071 2607 1137 2657 non

88 2683 318 2762 rescierimus,
342 2705 481 2778 quonam
505 2685 615 2750 codice
636 2706 714 2750 usas
736 2687 781 2750 sit
801 2685 915 2752 editor.
958 2687 1139 2776 Suspiceris

95 2783 242 2847 eundem
263 2769 372 2866 luisse,
391 2811 435 2854 ex
456 2809 520 2874 quo
542 2785 702 2854 Postellus
722 2773 842 2852 librum
858 2789 975 2853 Latine
997 2791 1138 2874 dederat,
1185 2877 1188 2884 Ι

94 2883 151 2950 rel
169 2887 280 2971 potiar
298 2889 511 2976 apographum
538 2887 581 2954 ab
604 2887 751 2974 Oporiuo
778 2887 1049 2976 bibliopolarum
1071 2891 1138 2959 Ne-

87 2990 194 3053 andro
216 2994 499 3066 communicatum
521 2991 709 3077 praesertim
730 3011 802 3056 cum
823 2995 992 3078 inscriptio
986 2991 1136 3077 Latina,

87 3111 183 3176 quern
206 3091 295 3154 inira
310 3115 343 3179 p.
360 3099 433 3160 161.
451 3091 555 3184 legis,
584 3092 728 3158 Graecae
747 3085 877 3160 ibidem
889 3099 1075 3180 propositae
1096 3079 1138 3165 all

88 3192 226 3258 verbum
249 3196 460 3280 respoudeat,
491 3208 524 3258 et
544 3193 585 3260 eh
611 3193 703 3274 aliis,
732 3217 810 3282 quar
833 3215 877 3264 ex
902 3197 994 3261 codd.
1014 3201 1139 3265 notari·

88 3317 182 3374 mas,
211 3293 307 3360 valde
328 3297 498 3384 discrepet.
549 3295 614 3364 Sed
636 3309 806 3374 contextus
832 3300 992 3366 versionis
1013 3299 1140 3367 Poetel-

87 3394 196 3461 liauae
226 3395 377 3484 plurimis
406 3400 631 3466 additamentis
658 3409 692 3462 et
718 3397 947 3466 omissionibus
972 3422 993 3465 e
1013 3399 1138 3470 Graeco

88 3497 271 3584 exemplari
291 3501 460 3580 dissentit,
490 3514 526 3566 ut
555 3505 611 3566 vix
640 3498 796 3588 dubitant⁴
813 3499 910 3566 liceat
928 3502 970 3566 de
993 3502 1138 3572 fontibus
1239 3546 1243 3554 =

88 3603 240 3666 dirersis.
298 3601 469 3686 Gryuaeus
499 3623 595 3682 vero,
627 3605 683 3690 qui
710 3601 986 3691 proterangelimn
1014 3591 1138 3672 Graece
1184 3633 1198 3644 ··

90 3706 219 3768 tertium
242 3704 346 3769 edidit
368 3725 397 3769 a.
413 3693 508 3771 1569.
529 3707 563 3770 in
580 3701 877 3791 Orthodographis‚
899 3704 998 3770 alium
1018 3703 1138 3774 librum

89 3824 146 3868 ms.
169 3827 236 3870 nou
261 3805 428 3888 adhibuit,
456 3829 516 3874 nec
543 3807 723 3874 Fabricius
738 3809 772 3870 in
803 3803 922 3872 Codice
943 3809 1138 3895 apocrypho.

89 3905 294 3994 Scripturas,
322 3909 440 3996 quibus
470 3922 577 3976 textus
595 3905 711 3974 horum
732 3909 932 3994 discrepant,
962 3907 1138 3978 aBirchio

90 4009 121 4074 iu
140 4007 300 4076 ductario
322 4009 407 4078 Cod.
433 4035 541 4100 apocr.
560 4009 683 4100 proleg.
711 4033 743 4098 p.
764 4009 873 4078 LXV.
892 4025 1043 4090 uentae,
1071 4031 1139 4076 raa-
1244 4071 1253 4078 .
1295 3975 1305 3992 ⁸

88 4112 207 4176 ximaan
228 4125 361 4198 partem
388 4129 464 4180 eunt
485 4128 593 4184 errato
610 4111 855 4208 typographica.
904 4111 980 4202 letis
1000 4112 1159 4216 exemtis
1249 4109 1253 4114 ’
1303 4175 1310 4184 .

121 4217 511 4288 mmmm!
716 4308 718 4312 Ι
816 4217 883 4280 d.
