2798 4776
600 326 677 388 ·-'·
729 345 821 406 xctv
871 371 944 440 -y

251 528 286 588 ct
312 519 354 584 do
379 511 637 602 obstetricem.
660 514 734 581 add.
758 518 850 600 ejus,
879 511 922 580 cl.
945 512 1167 604 delecteris),
1198 471 1300 608 quom

234 619 319 712 ,Vti-
339 616 510 685 'l'olandus
530 619 566 683 in
588 617 772 701 Amyntore
797 639 837 704 p.
851 623 904 682 21.
926 630 960 682 ιι
979 615 1032 683 lo.
1053 617 1299 708 HennMajus

248 725 284 788 in
306 719 476 788 trusae
503 719 678 784 Historiae
704 725 845 802 criticae
863 717 910 786 N.
938 718 974 784 Τ.
995 741 1018 784 a
1040 717 1188 789 Sinonia
1210 732 1299 791 ecri-

129 838 132 850 '
245 834 328 914 piae
350 845 382 910 p.
401 825 468 887 tt.
483 832 571 885 recte
596 821 784 904 judicarunt
806 842 827 884 a
846 819 1087 908 proterengelio
1109 822 1222 891 lacobi
1243 829 1299 893 ni·

247 926 297 994 hil
311 925 454 992 differre
489 920 528 987 In
546 922 656 987 codiee
671 920 804 990 lurensi
825 921 962 1009 aliisque
982 923 1222 1011 exemplaribus
1236 928 1298 994 de·

171 1084 173 1092 ,
223 1032 329 1096 »creti
362 1022 510 1109 ejusdcm
539 1023 626 1110 apud
653 1023 859 1090 Vincentium
888 1023 1159 1100 'Bellovaconsem
1189 1044 1223 1096 at
1257 1035 1299 1096 in

1386 503 1391 546 i

1383 609 1391 654 l

1384 689 1391 756 l

1381 799 1391 860 d

1384 923 1391 964 ι

1388 1029 1391 1068 ι

247 1127 470 1196 Conciliorum
497 1124 591 1190 Actis
621 1127 719 1190 otiam
752 1128 871 1192 diserte
910 1124 1045 1214 legitur:
1085 1134 1297 1236 coangelicis
1387 1157 1391 1174 ι’

225 1229 316 1298 'sire
339 1227 518 1314 evangelio
534 1233 664 1292 conice
677 1226 800 1293 Jocodi
818 1235 954 1295 minoris
976 1231 1183 1318 apocryphos
1207 1256 1295 1320 quae

245 1331 385 1398 ιοιιιιιι
405 1339 455 1395 cst
475 1327 680 1414 interpolatio
700 1327 820 1400 similis
838 1327 888 1396 illi
908 1335 1059 1418 suprai.
1075 1339 1106 1400 t.
1129 1348 1270 1402 notatae.

1389 1217 1391 1278 l

1383 1343 1391 1382 ι

258 1489 260 1493 .
331 1433 446 1519 Longe
467 1440 546 1500 vtro
567 1455 661 1498 secus
684 1433 725 1498 de
744 1431 860 1500 Jacohi
880 1431 1027 1498 libello
1011 1457 1083 1520 Jam
1103 1429 1232 1517 seculo,
1256 1451 1296 1502 ut
1385 1481 1388 1486 -

247 1536 388 1614 videtm,
414 1547 509 1600 sexto
523 1532 578 1601 vel
594 1533 733 1622 s‘optinm
751 1537 970 1622 pronuntiavit
984 1549 1096 1604 auctor
1111 1545 1222 1625 operis
1234 1544 1298 1604 iot-

240 1639 396 1725 perfecti
421 1642 460 1732 ia
482 1634 712 1718 Mattiacas,
749 1637 833 1726 Opp.
862 1636 1088 1722 Chrysostomi
1115 1640 1166 1704 ad
1186 1639 1302 1732 Mont-

1389 1551 1391 1592 l

1390 1655 1391 1696 l

244 1741 330 1806 fauo.
353 1737 450 1803 Tom.
475 1737 530 1812 VI
552 1761 584 1826 p.
606 1737 741 1805 XXIV.
785 1738 866 1820 Cui,
895 1743 1066 1827 inquitis,
1096 1744 1304 1808 invocasse
1390 1743 1391 1800 ἐ

92 1847 127 1864 ““
244 1842 282 1907 in
302 1853 394 1906 utero
408 1839 532 1906 hahens
554 1842 595 1904 de
609 1839 735 1926 Spiritu
748 1843 882 1908 sanotci
927 1841 1005 1908 Sina
1021 1823 1148 1908 dubio
1142 1865 1301 1932 asponso

120 1976 123 1992 ι
194 1993 197 2000 ,
245 1941 305 2010 suo
334 1940 474 2028 Ioseph,
515 1944 570 2028 qui
596 1939 707 2008 coloso
736 1965 846 2010 amore
879 1967 1005 2032 sempor
1039 1967 1076 2010 sc
1106 1945 1301 2011 admonente

154 2126 158 2134 1
185 2093 187 2098 -
243 2048 345 2110 vitam
366 2042 647 2131 circumspiciebat
659 2043 796 2114 Mariae.
839 2044 925 2114 Nam
946 2051 1031 2114 sicut
1046 2045 1183 2112 historia
1200 2068 1300 2133 quae-

243 2148 319 2214 dam
342 2168 409 2212 non
429 2143 630 2226 incredibilis
651 2139 756 2234 neque
776 2147 1011 2215 irrationabilis
1032 2148 1144 2228 dccet,
1168 2149 1299 2234 quaudo

244 2261 338 2338 gesta
358 2258 434 2314 sunt
453 2269 535 2334 quaa
557 2247 657 2313 refert
670 2250 798 2331 Lucas,
819 2249 941 2338 Joscph
963 2249 1081 2316 absens
1104 2263 1183 2314 erat.
1226 2247 1301 2316 Nec

245 2354 334 2417 enim
362 2351 560 2424 conveniens
588 2363 637 2414 ιιι
663 2365 778 2436 putare
806 2365 973 2438 praesente
994 2350 1117 2438 loseph
1143 2353 1301 2416 introisse

244 2449 398 2540 angelum
420 2451 462 2516 ad
482 2449 641 2532 Marium,
664 2466 698 2518 et
720 2455 843 2520 dixisse
865 2475 945 2540 quac
968 2453 1068 2534 dixit,
1099 2465 1133 2519 et
1153 2451 1301 2520 Mariam

243 2553 451 2640 respondisse
480 2575 687 2642 quaecuuque
715 2557 914 2642 respondit.“
957 2553 1031 2620 Hoc
1052 2557 1140 2620 enim
1163 2554 1204 2619 ab
1234 2576 1299 2620 au-

245 2653 634 2746 ctoreprotevangelium
657 2679 727 2743 cap.
749 2655 809 2722 lX.
833 2671 916 2724 extr.
938 2655 1012 2724 coll.
1038 2679 1106 2744 cap.
1126 2655 1221 2723 Xlll.
1243 2679 1299 2722 ιι-

243 2761 324 2846 spici
345 2757 531 2823 observatio
562 2772 613 2825 ιιι
632 2757 726 2824 Rich.
750 2759 887 2826 Simonii
909 2782 996 2826 nunc
1019 2752 1295 2845 eo'prcbahilior‚

122 2863 131 2884 ‘
242 2882 307 2948 quo
337 2856 527 2924 certioribus
555 2863 752 2946 argumentis
787 2883 847 2927 nos
874 2864 905 2942 ς.
926 2870 959 2928 4.
990 2861 1296 2941 demonstravimus,

242 2960 294 3031 illi
316 2959 393 3026 olim
415 2980 533 3025 nomen
555 2960 719 3030 historica
738 2984 756 3026 ι
779 2985 847 3050 cap.
866 2961 981 3028 XXV.
1001 2963 1192 3048 inscriptum
1213 2961 1296 3026 iuis-

242 3083 297 3130 se:
319 3084 381 3128 nec
402 3061 532 3142 dubito,
559 3066 636 3148 quin
657 3065 698 3130 ab
722 3078 872 3145 auctore,
900 3063 1036 3130 homine
1060 3061 1137 3130 licet
1155 3065 1293 3144 Latino,

241 3161 520 3252 protevaugelium
537 3163 660 3230 Graece
681 3165 801 3231 lectum
821 3169 884 3247 sit,
908 3173 983 3232 cum
1003 3164 1132 3230 videam
1153 3187 1227 3232 eum
1249 3187 1296 3232 ex

241 3265 389 3354 pluribus
422 3265 615 3352 apocryphis
645 3267 769 3334 Graeca
804 3271 932 3355 scriptis
957 3269 1049 3333 varia
1074 3269 1126 3360 in⁹
1140 3265 1293 3333 homilias

242 3389 319 3434 snus
341 3367 544 3443 transtulisse
563 3369 625 3454 ⁸⁵).
669 3367 863 3456 Quanquam
884 3381 1065 3436 commenta
1084 3372 1148 3436 istu
1174 3371 1317 3438 eodem?

310 3597 364 3669 85)
382 3599 479 3670 Operis
496 3589 647 3686 imperfecti
664 3612 758 3659 ructor
773 3601 894 3674 pluribus
914 3599 1067 3654 nominibus
1084 3616 1213 3670 perquem
1229 3615 1289 3654 me-

114 3756 115 3760 *
239 3685 379 3740 morabilis
391 3695 432 3740 est
444 3696 472 3742 et
483 3688 664 3762 dignissima,
676 3692 710 3746 dc
724 3691 799 3760 cujus
813 3696 910 3757 aetate,
926 3686 1021 3756 patria,
1032 3685 1171 3740 codicibus
1183 3685 1290 3742 bibliois

240 3770 433 3870 doctrinaeque
446 3773 564 3829 iormule
579 3777 669 3831 denuo
688 3777 858 3846 disquiratur.
889 3773 1016 3828 Montiuu
997 3771 1110 3826 uconius
1128 3773 1157 3826 in
1171 3771 1288 3828 diatriba

238 3873 386 3927 praemites
404 3857 522 3926 primum
544 3862 636 3915 rotulit
652 3862 772 3930 Ereemi,
795 3862 877 3916 iocur.
895 3857 1029 3928 dichorii,
1055 3857 1126 3912 Sixti
1145 3858 1288 3929 Senensis,

237 3943 350 3998 Beronii
370 3950 398 3998 et
410 3943 578 4000 Tillenrontii
588 3949 630 4004 ,de
646 3949 746 4002 eodem
762 3944 915 4007 sententias.
950 3947 1022 3998 Turn
1036 3945 1201 3998 demontrat
1216 3961 1287 4014 opus

193 4057 196 4064 Δ
237 4045 295 4084 non
312 4046 373 4084 csse
392 4027 596 4101 chrysostomi,
620 4035 669 4088 sed
685 4031 776 4087 Latini
794 4031 932 4102 scriptoris
951 4031 1026 4090 oiroa
1046 4031 1128 4086 finem
1149 4029 1221 4086 sexti
1238 4032 1286 4087 val

159 4179 163 4188 .
238 4112 354 4185 septimo
376 4117 470 4173 osonio
487 4116 607 4174 virentis
624 4117 796 4188 Arimapuo
812 4117 918 4174 haeresi
934 4116 1049 4186 addicti,
1075 4117 1187 4188 simque
1207 4130 1287 4179 orror
