2798 4776
568 349 945 426 ¹-cx-‘
1044 361 1127 385 ’·

276 543 387 610 Iesum
407 557 484 609 sunt
504 544 617 608 sessa.
661 535 739 625 Cup.
761 535 842 604 XX.
871 493 1065 624 xDs'prdma
1088 483 1242 602 iucilnstn
1261 557 1335 626 per

112 662 115 677 ‘
191 629 192 634 ἵ
275 646 387 712 Iesum
409 660 524 732 squam
544 641 760 729 preducantea
793 637 872 726 Cap.
887 637 985 726 XXI.
1021 638 1073 704 De
1094 637 1335 704 bencdictione
1392 629 1393 704 Ῐ

274 749 401 836 palmae
423 761 457 812 et
477 746 560 812 rami
582 743 655 828 ejus
678 739 899 808 translatione.
943 737 1022 826 Gap.
1036 739 1149 806 XXII.
1192 739 1244 806 De
1266 740 1333 806 iti·-

227 860 231 869 '
275 873 352 916 nere
387 871 444 936 per
465 835 585 911 'lesum
614 843 811 934 abbreviato.
862 842 939 929 Gap.
966 841 1095 908 XXIII.
1148 840 1330 918 Quemcdo

171 937 172 944 ἵ
273 957 421 1039 Irrgreaao
435 949 513 1014 Iesu
525 951 559 1014 in
573 947 756 1034 Aegyptum
769 943 857 1032 idulu
872 957 1070 1010 corruerunt.
1087 941 1172 1031 Gap.
1185 943 1331 1010 XXIV.

273 1053 326 1120 De
354 1053 477 1117 honere
507 1049 586 1116 Iesu
617 1048 763 1116 exhibitu
796 1069 855 1136 per
882 1045 1084 1146 Airedisium
1101 1035 1184 1132 ¹⁶⁸).
1238 1045 1328 1134 Gap.
1392 1035 1393 1042 ἵ

193 1203 195 1220 .
272 1149 389 1222 XXV.
438 1152 504 1218 De*
518 1154 606 1240 pisca
636 1152 727 1224 aride
755 1153 842 1216 vittae
870 1151 1032 1214 restituto.
1083 1145 1163 1236 Cap.
1186 1149 1328 1216 XXVI.

239 1255 326 1330 „De
357 1257 427 1320 risu
454 1252 533 1330 Iesu
565 1267 693 1341 prepter
722 1273 872 1339 passeres
902 1249 968 1322 sibi
996 1251 1137 1315 invicem
1162 1253 1327 1316 insidian-
1392 1267 1393 1270 ’

273 1373 323 1424 tea
341 1361 430 1439 ¹⁰⁵).
471 1354 552 1443 Cap.
568 1351 717 1422 XXVII.
755 1353 807 1420 De
830 1373 962 1442 agressu
983 1349 1062 1418 Iesu
1083 1351 1256 1419 etMuriee
1277 1354 1326 1419 de

275 1519 481 1534 *ι-

341 1612 410 1682 104)
426 1614 489 1668 Hoc‘
511 1619 591 1682 caput
616 1619 767 1666 mensum
787 1617 829 1666 est
851 1610 979 1671 historiae
996 1612 1031 1667 de
1049 1587 1325 1693 natiritstefMdr-iae

274 1709 303 1757 et
324 1703 359 1756 de
382 1699 496 1754 infantia
520 1695 684 1766 salratcris,
713 1699 748 1752 ad
770 1713 851 1767 quam
872 1698 902 1751 in
923 1698 996 1753 uotis
1021 1697 1199 1752 iudicavimus
1224 1698 1323 1751 fontes

273 1787 437 1860 singularum
456 1785 617 1838 fabularum.
653 1783 797 1838 Caeterum
812 1783 891 1840 videa
908 1786 986 1854 plara
1004 1801 1064 1838 eam
1081 1783 1220 1838 continere
1236 1799 1324 1852 quam

272 1871 506 1944 preterengelium
522 1869 634 1937 iacobi,
659 1885 750 1940 neque
766 1878 841 1926 recte
858 1870 1009 1940 conjecisse
1027 1873 1061 1924 de
1079 1871 1138 1938 ejus
1158 1878 1324 1942 argumento

272 1957 449 2014 schmidrium
473 1956 503 2012 in
518 1959 660 2013 Baliarici
674 1955 825 2022 strarant
846 1959 898 2010 und
915 1957 1028 2024 Exegere
1049 1957 1131 2012 Tem.
1148 1957 1183 2010 11.
1206 1957 1273 2010 fase.
1290 1956 1324 2011 4.
1392 2021 1393 2034 χ

183 2098 185 2105 ,
271 2060 334 2118 pag.
351 2042 413 2098 483.

213 2151 218 2162 “
313 2175 314 2184 ¹
342 2145 407 2215 105)
426 2147 503 2200 Haec
523 2146 578 2199 duc
595 2143 681 2214 capita
697 2144 795 2200 necin
814 2143 958 2219 evangelio
979 2146 1120 2212 Thomas,
1141 2147 1215 2216 quod
1232 2161 1248 2200 a
1264 2145 1325 2199 rni-

271 2233 371 2288 racnlis
387 2233 452 2286 Jeeu
473 2232 551 2302 pueri
573 2232 753 2302 quinquennis
772 2231 885 2302 incipit,
911 2230 1012 2286 necin
1032 2231 1143 2287 amini.
1167 2229 1251 2286 Arab.
1274 2234 1321 2286 le-

273 2327 380 2393 guntur.
413 2317 574 2388 speciminis
594 2321 664 2372 loce
682 2329 716 2372 aa
735 2336 797 2372 cum
818 2316 965 2372 lectoribus
986 2317 1223 2376 communicemus.
1252 2317 1325 2387 Cap.

260 2407 367 2460 XXV.
402 2403 436 2457 Et
453 2405 540 2458 tuctus
562 2413 604 2458 est
620 2406 699 2458 Jeeus
716 2421 847 2457 annonam
862 2403 952 2456 trium.
986 2403 1021 2455 Et
1038 2419 1099 2457 cum
1113 2397 1232 2456 'vidisset
1247 2405 1324 2458 ludi-

271 2493 353 2548 ficare
369 2505 486 2559 pueros,
508 2490 598 2560 coepit
614 2490 673 2560 ipse
691 2491 783 2544 ludere
801 2505 863 2544 cum
879 2487 935 2543 eia:
959 2502 1074 2557 cumque
1092 2488 1242 2556 accepisset
1260 2489 1323 2560 pia-

273 2595 334 2634 cem
359 2577 478 2644 aridum‚
508 2577 554 2646 qui
577 2584 635 2632 erat
663 2577 719 2632 saie
743 2578 873 2645 jactatus,
899 2575 972 2629 mIsit
998 2591 1059 2630 eum
1083 2575 1113 2630 iu
1134 2575 1229 2644 pelviu
1253 2594 1320 2630 cunr

272 2682 355 2734 nque,
376 2672 404 2717 et
420 2663 557 2734 praecepit
575 2664 618 2733 ei,
639 2671 670 2716 ut
687 2663 846 2734 palpitaret:
868 2670 900 2742 e(
913 2661 1003 2731 coepit
1023 2660 1163 2732 palpitare.
1196 2661 1230 2714 Et
1248 2663 1321 2716 dixit

271 2749 414 2804 iterumad
427 2748 542 2818 piscem:
560 2749 660 2819 rejecta
674 2752 714 2802 eal
728 2755 813 2817 tunm,
831 2749 903 2818 quod
919 2749 1012 2816 habes,
1032 2757 1060 2804 et
1073 2747 1179 2801 ambula
1195 2747 1225 2800 in
1238 2765 1318 2817 epra.

271 2835 307 2888 Et
329 2823 433 2890 frium
454 2844 496 2889 est
514 2835 560 2890 ita.
602 2836 734 2890 Videntes
757 2844 846 2890 autem
865 2835 965 2903 vicini,
991 2835 1066 2904 quod
1088 2835 1317 2901 iactumrfuerat,

248 2955 250 2966 ι
271 2919 469 2976 nuneimrcnt
486 2918 592 2974 mulieri
610 2919 725 2986 viduae,
743 2920 772 2972 iu
789 2923 865 2988 cujus
882 2923 965 2973 domo
980 2921 1134 2973 morabatur
1154 2919 1242 2972 Maria
1257 2935 1319 2971 ma-

270 3013 315 3060 ter
331 3005 397 3073 ejus.
433 3007 469 3060 Ut
486 3013 574 3058 autern
592 3003 682 3058 andita
707 3014 769 3057 sunt
785 3007 867 3073 talia,
891 3023 953 3058 ctuu
976 3004 1148 3058 testinatione
1171 3003 1250 3073 ejecit
1267 3021 1318 3060 eas

271 3091 307 3144 de
324 3091 406 3143 domo
423 3105 484 3164 pra·
515 3087 581 3160 Cap.
595 3091 702 3144 xxvi.
738 3089 773 3142 Et
791 3090 962 3144 deambulans
978 3092 1059 3146 'Iesus
1075 3107 1138 3144 cum
1154 3091 1242 3144 Maria
1256 3107 1319 3144 ma-

239 3224 241 3237 ,
270 3185 312 3231 tre
330 3191 378 3230 saa
395 3191 444 3244 per
461 3175 579 3228 medinm
595 3173 650 3228 fori
668 3173 784 3228 civitatis
802 3175 890 3241 iilius,
911 3176 1059 3244 respiciens
1075 3175 1145 3236 vidit
1161 3177 1317 3250 magistrum

271 3261 405 3331 quendam
428 3259 573 3330 discipulos
594 3276 657 3314 anca
679 3261 828 3316 docentem
864 3261 899 3314 Et
925 3279 990 3316 ecce
1009 3269 1112 3330 septem
1130 3279 1252 3329 passeres
1271 3261 1318 3315 in-

264 3347 398 3402 sidiantes
415 3346 486 3400 inter
504 3361 534 3399 se
552 3346 708 3400 ceciderunt
726 3363 776 3416 per
791 3361 896 3400 murum
912 3347 942 3402 in
960 3349 1020 3402 sinu
1038 3347 1172 3421 magistri,
1198 3349 1245 3416 qui
1262 3350 1317 3402 do-

270 3435 350 3489 cebat
365 3447 473 3502 pueros.
516 3433 596 3486 Jessrs
614 3441 703 3485 antam
723 3419 785 3488 cum
803 3437 872 3488 haee
890 3433 1017 3502 vidisset,
1044 3433 1137 3510 Iriiarie
1154 3435 1242 3490 iactura
1262 3443 1315 3489 est.

269 3521 412 3574 litantem
428 3516 497 3574 vidit
514 3534 576 3572 eam
594 3519 690 3572 docter
707 3519 820 3574 hilarem
836 3505 952 3589 iactum,
972 3537 1033 3574 eram
1049 3521 1143 3574 fruare
1161 3537 1258 3594 magun
1277 3522 1316 3575 ait

270 3603 409 3675 discipulis
427 3603 497 3658 suisa
520 3605 560 3657 lte
578 3614 608 3678 et
625 3605 748 3659 adducite
768 3621 829 3659 eam
847 3607 882 3658 ed
900 3623 954 3661 me.
996 3605 1064 3660 (un
1083 3613 1172 3660 autern
1190 3607 1317 3660 sustulis-

270 3699 331 3746 sent
347 3707 426 3756 aum,
446 3690 621 3760 apprehendit
643 3691 785 3746 amiculum
803 3693 862 3760 ejas
881 3701 917 3746 et‘
928 3691 1011 3746 dixit:
1033 3691 1226 3761 pervidisti,
1250 3693 1316 3761 qrria

269 3777 363 3832 hilaris
385 3777 473 3830 tectus
493 3775 547 3829 ert
582 3775 622 3830 At
637 3776 684 3830 ilie
701 3777 785 3832 risit:
810 3778 950 3852 magister,
974 3793 1040 3832 ecce
1056 3795 1150 3831 manue
1166 3781 1248 3848 plena
1263 3779 1317 3832 tri-

269 3861 332 3918 rici!
351 3885 387 3902 ··-
403 3869 515 3930 prepter
531 3862 586 3916 huc
600 3877 729 3932 'passeres
748 3871 950 3938 pugnaverunt,
974 3873 1006 3918 ut
1023 3863 1176 3920 diuiderent
1195 3864 1314 3918 triticum

268 3949 341 4004 iuter
357 3964 396 4002 se·
416 3953 473 4014 etc.¹
487 3943 560 4017 8qu
570 3965 630 4018 cap.
647 3945 1121 4023 XXV11.hnjuscemcdisAngelna
1139 3950 1241 4004 domini
1260 3952 1313 4004 ch-

99 4087 113 4108 „
195 4043 221 4078 Ἀ
268 4034 356 4092 viavit
373 4031 478 4088 Mariae
494 4043 525 4088 et
541 4033 623 4090 elisit:
650 4028 731 4091 Tolle
746 4053 875 4107 puerum,
900 4045 928 4092 et
944 4043 1082 4094 aaronem
1099 4035 1129 4090 in
1145 4044 1245 4092 terram
1262 4037 1313 4090 Ju-

269 4119 337 4190 dae;
354 4118 475 4176 defuncti
491 4128 554 4180 sunt
570 4119 607 4190 ii,
624 4121 671 4192 qai
685 4125 850 4194 querebam
867 4123 983 4180 animam
1001 4120 1088 4191 pueri.
1124 4121 1248 4180 Surrexit
1264 4139 1316 4220 aa·¹
