2786 4774
468 387 524 420 ·...
571 355 621 456 93
672 393 725 420 -ι

4 539 5 542 '
75 549 161 612 staria
178 548 349 628 regionem
368 545 450 611 bano
475 557 567 611 noeto
589 548 731 630 sujum
758 543 914 631 pmbsna
973 551 1018 616 At
1043 551 1124 614 inter

75 651 218 746 mudumi
246 672 339 730 ecee!
360 668 438 728 duos
452 669 485 730 in
497 669 548 730 vis
561 669 695 730 latrones
712 666 744 754 ⁹)
761 671 952 751 conspiciunt
967 670 1125 730 dormien-

72 799 131 864 tes,
158 799 190 849 et
210 809 287 848 eum
309 789 370 848 illis
393 787 621 850 multitudinem
641 789 811 864 latronum,
833 787 885 868 qni
904 789 1029 850 illorum
1050 789 1124 850 socii

76 919 175 982 eraut,
203 908 318 968 itidem
337 908 541 970 stertentium.
582 909 740 986 Erantque
763 906 825 966 duo
845 907 896 967 isti
914 908 1063 984 latrones,
1090 908 1124 970 in

78 1049 148 1106 quos
161 1026 359 1102 incidebant,
389 1028 478 1086 Titus
494 1021 732 1104 etDumachus‚
761 1026 939 1106 dicebatque
952 1029 1042 1090 Titus
1055 1031 1126 1090 Du·
1219 1002 1222 1021 i

79 1145 198 1206 macho:
222 1147 312 1224 Rogo
328 1153 376 1221 te,
398 1156 435 1206 ut
447 1145 520 1206 istos
535 1145 632 1206 libere
652 1145 732 1208 sinas
747 1146 846 1224 abire,
876 1167 916 1207 ne
931 1147 1005 1206 socii
1028 1147 1126 1208 nostri

82 1267 142 1326 dios
155 1265 414 1325 animadvertunt.
456 1251 630 1325 Recusante
640 1275 741 1326 autem
757 1259 929 1344 Dumaclio,
948 1285 1054 1326 rursus
1070 1265 1127 1326 Ti·

86 1393 139 1458 tus,
160 1385 246 1463 Cape
260 1385 333 1460 tibi,
354 1383 464 1464 inquit,
485 1404 503 1443 a
517 1404 566 1444 me
580 1382 776 1466 quadruginta
786 1379 952 1458 drachmas,
973 1389 1006 1442 et
1017 1382 1128 1462 pignus

91 1500 155 1562 tabe
166 1525 279 1564 zonam
295 1501 373 1564 hanc
394 1525 502 1574 meam.
547 1505 649 1582 Quam
668 1504 750 1563 dicto
770 1503 858 1562 eitius
878 1501 923 1562 illi
942 1501 1127 1582 porrigebat,

88 1631 117 1681 ut
127 1621 314 1682 dehisceret
327 1632 379 1682 aut
390 1623 578 1704 loqueretur.
621 1623 799 1702 Vidensque
812 1623 946 1682 Domina
960 1620 1044 1682 Hera
1056 1621 1127 1681 Ma·

89 1742 129 1800 r'n
143 1739 227 1801 hunc
244 1743 400 1802 latronem
419 1743 492 1822 ipsis
510 1740 768 1816 benefaceresait
787 1740 848 1801 illi:
874 1737 1026 1802 Dominus
1041 1743 1127 1801 Deus
1180 1741 1184 1757 '

89 1871 116 1919 te
135 1861 244 1949 deutra
278 1879 334 1920 sua
362 1868 526 1938 sustentet,
570 1871 601 1922 et
620 1861 830 1924 remissionem
853 1868 1050 1941 peccatorum
1070 1859 1127 1920 tibi

87 1981 234 2061 largietur.
277 1983 321 2042 Et
339 1981 499 2060 respondit
510 1980 661 2044 Dominus
680 1985 767 2043 Iesus
783 1988 815 2039 et
829 1977 909 2039 dixit
927 1979 1016 2040 matti
1038 1997 1127 2040 suaet

85 2101 152 2161 Post
164 2099 292 2180 triginta
305 2119 416 2174 annos,
439 2119 458 2158 o
472 2109 585 2176 mater,
607 2099 786 2178 crucifigent
797 2120 846 2160 mo
860 2097 967 2158 Iudaei
979 2097 1129 2158 Hieroso·

82 2223 185 2300 iymis,
208 2228 240 2279 et
256 2219 321 2278 duo
342 2219 392 2278 isti
407 2220 540 2278 latrones
558 2237 678 2279 mecum
697 2239 759 2278 una
778 2221 811 2278 iu
830 2237 953 2277 crucem
972 2215 1128 2292 tollentur,

81 2343 169 2401 Titus
183 2337 223 2397 ad
242 2336 388 2397 dextram
402 2327 518 2412 ineam,
540 2347 571 2397 et
589 2335 765 2398 Dumnchus
785 2331 824 2395 ad
846 2334 1012 2410 sinistram3
1033 2343 1073 2428 'et
1091 2336 1135 2416 ab,¹

80 2461 137 2520 dio
152 2459 203 2518 die
216 2455 383 2538 praecedet
396 2477 446 2515 me
460 2454 551 2516 Titus
564 2455 597 2515 iu
617 2455 801 2535 paradisum.
845 2455 984 2536 Cumque
1003 2453 1130 2514 dixisset
1171 2476 1173 2486 ·

84 2579 158 2636 itta:
180 2577 303 2636 Avertat
316 2575 379 2635 hoo
392 2597 410 2633 a
423 2584 455 2635 te
469 2577 554 2635 Dens
573 2571 621 2657 ¹⁰)
634 2574 677 2634 mi
689 2575 748 2634 fili!
771 2573 913 2636 abierunt
927 2573 1012 2635 illino
1024 2571 1063 2632 nd
1074 2593 1131 2633 ur·

86 2696 162 2757 bem
184 2694 339 2770 idolorum,
385 2715 471 2774 quac,
492 2702 653 2774 postquam
672 2691 719 2754 illi
744 2691 1057 2778 appropinquassent,
1097 2689 1131 2756 in

4 2811 5 2864 i
46 2807 50 2819 ’
89 2815 182 2875 eolles
200 2833 362 2874 arenarum
376 2811 436 2875 fuit
451 2823 575 2874 munta.

452 2990 572 3066 CAr.
613 2992 773 3068 XXIV.

166 3130 252 3194 Hine
267 3127 307 3190 ad
320 3147 516 3209 sycomorum
535 3129 618 3191 illam
633 3129 760 3208 digressi
772 3135 853 3206 simi,
873 3147 949 3209 quae
961 3126 1133 3190 hodieMa-
1200 3133 1205 3158 '

79 3253 165 3314 tarta
181 3259 316 3312 vocatur
334 3245 380 3330 ¹¹)
387 3291 398 3325 ,
420 3258 451 3310 et
464 3249 613 3330 produxit
626 3248 779 3312 Dominus
790 3251 878 3311 lesus
891 3249 1009 3310 fontem
1024 3247 1057 3306 in
1063 3247 1133 3307 Ma·

79 3373 182 3447 tasin,
210 3371 246 3430 iu
267 3369 329 3449 duo
351 3371 436 3430 Hera
456 3367 556 3431 Maria
575 3369 710 3430 tunicam
731 3365 798 3449 ejus
818 3363 904 3428 lavit.
950 3367 1002 3426 Ex
1019 3363 1133 3426 sudore

80 3502 199 3566 autem,
224 3489 278 3570 qui
295 3510 314 3548 a
325 3487 463 3550 Domino
479 3491 553 3550 Jesu
565 3489 609 3552 ibi
624 3485 762 3563 defluxit,
783 3485 950 3548 balsamum
963 3481 997 3548 in
1010 3485 1063 3548 illa
1079 3505 1134 3548 sa-

82 3613 171 3693 gione
185 3609 335 3693 provenit
355 3602 413 3688 ¹²).

470 3787 592 3859 cir.
622 3785 754 3863 XXV.

167 3927 247 3990 Indo
261 3923 425 4007 Memphin
436 3921 484 4004 ¹³)
498 3921 735 4000 descenderunt,
759 3921 889 4004 visoque
902 3919 1062 3984 Pharaone
1075 3921 1134 3982 tri-

82 4049 209 4110 ennium
224 4049 257 4111 'm
269 4051 417 4130 Aegypto
429 4044 640 4142 substitemnt,
661 4043 794 4126 iecitque
801 4044 954 4113 Dominus
967 4043 1054 4104 lesus
1062 4042 1134 4122 plu-
1257 4119 1264 4133 „
