2786 4774
489 349 856 458 -ιοςψι

105 545 175 626 Quid
185 545 264 607 mibi
277 557 391 610 tecum
409 557 474 625 est,
496 547 837 626 olem,fi1iMariaet
864 569 925 630 quo
939 573 956 611 c
969 552 1149 632 tefugiem?
1237 605 1241 620 .

101 665 258 723 atterritus
274 666 458 726 admodum
475 679 506 728 et
519 668 714 728 retrocedens
726 671 861 750 puellum
874 670 1070 750 relinqueret,
1091 693 1148 732 ne-

98 805 143 861 que
162 803 308 862 unquam
331 796 448 864 postea
468 787 514 846 ilii
534 797 704 868 appareret.
753 788 804 846 Sic
824 790 944 866 puellae
965 787 1036 848 huic
1053 809 1148 870 nego-

94 903 154 960 tium
168 904 335 962 facessere
350 903 446 966 desiit
453 929 462 981 ;
492 927 568 999 qnae
582 917 680 988 grates
701 909 771 967 Deo
792 905 940 966 etlaudes
956 908 1093 986 canebat,
1116 917 1148 970 et
1268 915 1271 924 '

90 1041 146 1080 tan
159 1022 227 1102 ipsa
241 1043 383 1100 omues,
408 1026 462 1105 qui
476 995 621 1087 miraculo
634 1025 684 1086 isti
696 1033 871 1108 praesentes
884 1025 1040 1088 affuerat.

385 1683 390 1686 -
462 1635 582 1713 CAP.
611 1585 792 1720 XXXVi

162 1911 242 1974 Alia
255 1913 385 1976 ibidem
399 1914 512 1974 mulier
527 1909 667 1994 degebat,
685 1913 771 1994 eujus
793 1911 872 1974 filius
894 1915 1034 1976 aSatusc
1047 1937 1145 1976 vexa-

86 2029 181 2092 huuc.
225 2033 314 2108 Hie,
346 2033 440 2092 Iudas
460 2035 598 2110 nomine,
628 2033 864 2112 quotiescunque
886 2030 1009 2094 Satanas
1029 2034 1086 2096 iste
1103 2035 1143 2096 il-

90 2149 148 2210 bun
161 2149 379 2232 corripiebat,
402 2151 523 2231 quosvis
542 2157 715 2231 praesentes
737 2150 877 2210 dentibus
899 2153 1076 2233 appetebat,
1097 2175 1142 2226 ac,

91 2269 295 2330 aineminem
315 2269 407 2348 juxte
429 2291 463 2329 se
482 2271 651 2344 inveniret,
673 2287 740 2328 suae
760 2269 826 2348 ipse
847 2288 954 2330 manus
973 2280 1005 2332 et
1026 2282 1142 2332 caetera

93 2389 229 2448 membru
242 2407 358 2447 morsu
376 2388 516 2450 vexabat.
558 2387 697 2450 Audiens
718 2407 790 2468 ergo
807 2397 904 2448 muter
926 2386 1019 2470 hujus
1040 2389 1142 2452 miseri
1180 2355 1184 2370 .
1246 2390 1247 2399 ’

97 2506 202 2566 famam
215 2509 328 2566 Hesue
343 2507 459 2568 Mariae
476 2515 507 2565 et
521 2505 577 2566 filii
596 2507 661 2586 ejus
674 2509 760 2582 iesu,
788 2507 923 2566 surrexit
936 2525 1084 2586 propere,
1107 2525 1142 2566 cc

99 2621 187 2684 finum
210 2645 307 2686 suurn
322 2623 433 2683 Iudam
447 2621 480 2686 in
497 2625 582 2686 ulnas
602 2627 753 2686 subletum
772 2623 812 2682 ud
827 2623 993 2718 Dorninum
1013 2623 1142 2704 Mariam

107 2740 213 2804 detulit.
258 2741 392 2803 Interim
406 2743 533 2804 Iacobus
554 2754 585 2804 et
597 2746 615 2803 J
616 2763 681 2804 oses
695 2743 889 2804 commodum
903 2743 1072 2802 Dominum
1088 2745 1107 2804 J
1107 2765 1141 2804 e-

105 2863 327 2924 uminfantem
345 2861 548 2936 abduxerant,
571 2871 605 2922 ut
621 2883 690 2922 cum
714 2863 839 2922 caeteris
857 2861 1022 2922 infamibus
1043 2864 1141 2922 collu·
1248 2898 1250 2906 ,
1318 2844 1322 2854 ’

101 2977 220 3057 derent3
251 3001 290 3039 ac
304 2979 397 3039 domo
415 2979 524 3058 egressi
540 2977 755 3056 consederant,
776 2985 806 3040 ct
826 3001 895 3042 cnm
907 2981 967 3040 illis
988 2981 1139 3042 Domimu

101 3099 196 3160 iesus:
211 3097 391 3160 Accedebat
408 3097 580 3160 veroludas
594 3098 739 3174 obsessus,
757 3108 789 3158 ct
808 3099 847 3158 ad
860 3067 999 3158 dextrum
1007 3101 1078 3160 iesu
1089 3121 1139 3160 as-

100 3217 205 3294 sidens,
227 3237 299 3276 cum
313 3220 441 3296 agitaret
455 3237 597 3298 cumpro
611 3217 828 3278 consuetudine
841 3237 895 3276 sua
909 3217 1039 3293 Satanas,
1061 3217 1154 3280 den-v
1188 3217 1194 3227 ’

100 3336 174 3396 tibus
186 3335 361 3398 Dominum
374 3338 478 3398 lesum
490 3335 668 3418 appetebat,
688 3345 734 3411 et,
757 3335 900 3415 quoniam
915 3335 1062 3414 attingere
1074 3333 1137 3396 non

28 3449 29 3474 ¹
101 3465 231 3533 peterat,
254 3455 333 3516 istiu
352 3457 448 3536 ipsius
465 3456 610 3516 dunum
621 3447 825 3536 percutiebat)
848 3453 892 3514 ita
912 3463 948 3513 ut
967 3456 1052 3514 lesus
1066 3457 1136 3534 plo·

101 3585 187 3635 met.
227 3573 408 3655 Eademque
421 3574 497 3636 hora
511 3577 628 3655 fugiens
648 3575 746 3635 exivit
761 3595 801 3632 ex
811 3593 908 3654 puero
930 3573 988 3632 isto
1005 3577 1134 3652 Satanas,

103 3669 283 3753 eurirabido
306 3694 421 3758 similis.
463 3695 524 3756 Hic
545 3703 645 3754 sutem
665 3713 758 3772 puer,
781 3694 834 3772 qui
852 3693 956 3756 Iesum
976 3673 1134 3773 percussit,

102 3821 129 3869 ct
141 3831 182 3871 ex
197 3831 259 3892 quo
274 3814 400 3874 Satanas
415 3813 471 3872 sub
485 3815 584 3874 forma
598 3810 678 3872 canis
701 3809 811 3886 exivit,
838 3811 901 3872 fuit
918 3811 1010 3872 Judas
1031 3807 1139 3873 Isehs-⁸

101 3930 204 4007 rietes,
236 3932 288 4010 qui
308 3910 399 3992 ilium
420 3929 541 3992 iudaeis
559 3927 712 4012 prodidit3
742 3939 773 3991 et
794 3929 877 3990 idem
898 3930 962 4010 ejus
980 3931 1072 4006 latus,
1099 3931 1134 3992 in

103 4067 156 4127 quo
167 4059 364 4131 persenserat
374 4050 465 4112 illum
477 4049 583 4130 sudu,
610 4047 718 4112 Iudaei
729 4049 839 4112 lancea
847 4047 1053 4115 confixerunt
