2798 4776
674 387 718 402 -
769 351 887 418 xcvm
939 385 983 402 -
1070 425 1073 436 ,

266 593 268 601 ,
312 535 473 622 parciores
492 514 596 598 inme
616 531 651 596 in
673 521 857 618 apocrypha
878 525 1003 596 Mariae
1022 543 1057 596 et
1076 525 1199 600 Ghrleti
1218 487 1370 602 interis

191 665 196 680 =
312 657 373 722 pro
395 633 550 701 concione
566 633 746 700 martanda
764 635 953 720 scriptisque
974 629 1216 722 amplificum
1244 633 1370 702 'I'eatis

312 737 449 824 prodeat
473 738 596 822 primns
617 731 776 800 Aloninns
797 733 849 800 vel
868 735 1013 823 quisquis
1040 747 1154 804 aanor
1172 721 1295 804 homil..
1316 737 1370 802 de

313 843 495 910 nativitate
515 835 654 902 Mariae
674 856 695 901 e
715 835 787 900 cod.
801 835 905 902 Paris.
926 857 948 900 a
965 835 1126 903 Frohonio
1141 839 1254 906 editae
1268 835 1368 926 Opp.

312 939 402 1004 illins
421 935 517 1002 Tem.
537 933 581 1002 ln
602 957 632 1023 p.
654 941 725 1003 540.
767 935 861 1017 „Nec
881 959 941 1004 nos
961 937 1080 1019 lateat,
1108 941 1195 1026 quod
1221 942 1260 1006 ‹la
1282 943 1371 1025 ejus

312 1054 424 1106 sancte
444 1039 611 1105 nativitate
631 1035 715 1104 liber
734 1037 859 1128 legatur
879 1059 900 1105 a
921 1031 1131 1138 quibusdem,
1159 1040 1216 1108 nhi
1236 1043 1373 1108 descri-

214 1203 219 1224 ,
311 1141 399 1208 bitur
415 1142 565 1206 meritum
582 1141 741 1228 genitoris
755 1153 849 1228 atque
867 1143 1032 1230 genitricis
1048 1141 1196 1228 ejusdem
1208 1147 1371 1232 virgime,

311 1256 345 1309 et
364 1239 557 1308 vocabulum
578 1243 745 1328 utrimque
761 1241 853 1308 Heli
866 1241 1068 1328 (lonchiml)
1088 1243 1238 1310 videlicet
1259 1260 1371 1334 atqua

310 1344 418 1412 Anna.
471 1340 568 1421 Quot
604 1341 791 1430 opusculum
823 1343 1043 1432 apochriium,
1078 1348 1162 1412 siem
1190 1349 1287 1414 etiem
1318 1346 1370 1412 cle

311 1449 448 1514 transitu
466 1435 613 1530 ejusdem
633 1445 770 1531 virgtnis
792 1443 930 1512 alterum
948 1444 1104 1521 haheturt
1125 1468 1167 1512 ne
1181 1449 1371 1534 recipiatur

311 1550 354 1616 ah
388 1545 526 1614 ecclesie
555 1560 678 1614 cartam
709 1567 768 1634 pro
800 1548 941 1628 incerto,
980 1547 1110 1614 ‹lnbium
1145 1569 1206 1634 pro
1239 1557 1371 1614 vero.“

310 1653 409 1718 Hunc
428 1659 579 1739 sequatur
594 1648 822 1715 celeberrimus
840 1641 966 1731 'lecton
990 1649 1373 1718 turbertuscamoten-

311 1757 378 1836 ais,
399 1755 570 1840 episeopus
590 1771 657 1817 sec.
674 1749 735 1816 XI
756 1750 861 1814 initio.
903 1748 935 1818 la
957 1771 1051 1816 serm.
1065 1750 1092 1818 Ι.
1115 1752 1157 1817 tle
1172 1759 1372 1820 nativitate

309 1855 450 1924 Mariae
470 1849 626 1919 Binnoth.
648 1849 711 1918 1²1³.
734 1847 841 1938 Lngd.
864 1849 962 1919 Tam.
983 1851 1110 1920 XVIII.
1131 1875 1164 1940 p.
1186 1859 1238 1921 38.
1281 1853 1372 1920 Hac

308 1961 438 2045 itaquo,
468 1955 590 2041 inquit,
624 1953 680 2034 elie
704 1951 911 2038 peculiariter
937 1953 1139 2022 insederis
1172 1957 1371 2023 recitandus

310 2081 383 2126 esse
405 2058 532 2126 videtnr‘
550 2053 609 2120 ille
629 2052 733 2135 liber,
757 2057 813 2144 qni
831 2056 871 2120 de
892 2067 969 2120 crta·
982 2059 1055 2142 ejus
1077 2069 1112 2124 et
1132 2059 1199 2125 vita
1219 2061 1373 2144 scriptus

269 2224 273 2231 ,
309 2157 552 2236 inveniebatur,
581 2158 611 2222 si
631 2177 698 2221 non
715 2157 916 2242 judicassent
939 2178 1017 2222 enm
1038 2171 1147 2244 patrae
1168 2161 1252 2228 inter
1278 2179 1374 2246 apc-

309 2259 431 2348 crypha
461 2259 729 2326 numerandum.“
784 2258 823 2324 ln
855 2256 957 2324 altero
987 2272 1093 2324 tamen
1124 2281 1274 2328 sermone
1303 2265 1381 2348 ⁹0)

308 2361 403 2450 plara
430 2363 472 2428 ad
500 2362 633 2430 verbnm
662 2380 706 2425 cx
734 2379 787 2424 cv.
816 2359 858 2424 de
887 2361 1060 2425 nativitate·
1082 2358 1207 2428 Mariae
1234 2367 1373 2451 repetit

308 2465 391 2533 ihii.
410 2487 442 2552 p.
466 2469 517 2530 39.
559 2458 747 2544 „Note-cst
767 2473 875 2526 autem
890 2463 988 2545 juxto
1006 2459 1197 2529 relationem
1219 2478 1252 2530 et
1276 2471 1374 2532 scri-

295 2581 419 2654 'ptume
449 2571 635 2632 sanctornm
660 2562 794 2628 Petrum
822 2564 858 2628 in
886 2565 1016 2630 civitate
1047 2561 1228 2646 Nazareth,
1264 2583 1373 2658 petre

185 2713 187 2718 ,
308 2669 440 2734 nomine
460 2666 610 2732 inachim
637 2685 680 2730 ex
706 2664 821 2728 eadem
848 2665 928 2730 urhe
955 2667 1111 2746 oriundo,
1143 2682 1248 2764 matre
1273 2690 1371 2736 vero

192 2801 196 2808 ·
241 2800 243 2808 ’
307 2768 404 2836 Anna
424 2770 554 2834 nentina
578 2765 715 2832 oriunda
737 2787 781 2831 ex
801 2764 930 2832 clvitata
951 2763 1131 2836 Bethleem.
1173 2769 1252 2834 Vita
1274 2793 1371 2858 quo.

200 2899 209 2930 r
307 2893 378 2936 rum
399 2867 539 2956 simplex
560 2881 594 2932 ct
613 2883 702 2932 recta
723 2881 798 2935 ante
818 2866 1013 2950 Dominum,
1034 2871 1118 2958 apud
1140 2867 1286 2938 homines
1314 2878 1371 2941 ir-

307 2968 576 3057 reprehensibilia
603 2983 635 3034 et
658 2971 714 3056 pia
734 2976 837 3034 crrt.“
858 2984 920 3036 etc.
966 2969 1087 3068 Contra
1116 2974 1150 3037 in
1173 2995 1268 3040 sorta.
1289 2974 1367 3044 111.

307 3076 425 3138 iterum
445 3071 620 3135 cautiorem
647 3090 682 3134 se
704 3083 852 3155 praestat.
875 3095 906 3158 p.
927 3071 981 3138 m.
1025 3073 1140 3154 „Sana
1160 3077 1190 3140 si
1211 3077 1265 3161 qui
1287 3079 1370 3144 sel-

189 3257 197 3272 Ι
307 3173 396 3239 licita
421 3185 528 3238 mente
558 3183 590 3234 et
617 3170 760 3236 studiosa
785 3175 1032 3263 investigatione
1058 3177 1260 3262 perquirant,
1296 3201 1369 3246 cur

306 3288 489 3342 sanctorum
509 3273 767 3359 praecedentium
787 3278 961 3341 memoriae
982 3274 1082 3362 th‘us
1098 3276 1262 3362 praefatae¹
1273 3275 1369 3346 Vir-

305 3379 392 3465 ginis
420 3392 626 3462 temporanea
654 3377 747 3440 initia
774 3381 841 3447 suis
869 3373 1019 3444 fidelibus
1052 3377 1241 3466 sequacibus
1256 3401 1368 3466 ¹enu-

307 3476 435 3546 cleatim
457 3499 523 3543 non
542 3493 797 3562 exornaverunt,
826 3493 863 3546 nt
882 3479 923 3546 ad
946 3483 1088 3546 omnium
1110 3483 1255 3546 notitiam
1278 3485 1368 3550 vul-

305 3594 436 3667 garent3
473 3583 620 3645 noverint
641 3601 706 3646 non
727 3584 859 3668 ignaros
880 3603 945 3648 eos
971 3570 1134 3648 exstitisse
1163 3581 1367 3668 haereseos,

274 3763 278 3768 1
306 3703 388 3768 quaa
420 3705 481 3770 pro
510 3683 632 3770 insigni
660 3698 693 3749 ct
721 3685 907 3750 admirando
943 3683 1042 3770 hnjns
1076 3703 1187 3750 sacrae
1218 3683 1367 3771 puellae

304 3839 511 3873 ......‚......

372 3935 417 4001 90)
437 3937 552 3991 videtur
570 3939 623 3993 noc
643 3899 923 4014 potinstrogrnentnrn
941 3941 1157 3997 caeremoiis.
1193 3941 1297 3996 Nescio
1319 3963 1364 4000 sn

299 4023 374 4096 irlem
395 4022 445 4089 rit,
470 4025 542 4094 qnod
560 4020 696 4080 referente
714 4025 807 4081 caveo
829 4029 944 4084 habetor
960 4029 1032 4097 epod
1047 4028 1200 4083 somnam
1218 4045 1234 4080 o
1252 4027 1362 4086 Boreo

302 4106 331 4160 n
350 4103 519 4181 nitrienses
537 4111 700 4166 transcensi
718 4127 744 4182 p.
764 4113 824 4170 cre.
