2800 4776
660 299 836 380 -558
890 348 939 364 -·

174 451 176 458 Ι
205 551 208 560 ,
289 487 373 549 ribus
393 484 555 567 gradibus,
574 499 613 549 ut
630 492 668 552 sb
687 492 774 553 omni
794 494 913 576 populo
929 495 1038 566 ,sudiri
1051 500 1210 579 potuisset
1222 513 1258 566 et
1271 506 1327 570 vi·

292 604 370 666 deri.
396 607 440 665 Et
452 604 536 666 fecto
548 597 658 688 miguo
673 610 800 672 silentio
815 611 914 675 dixit:
935 613 1051 679 Audite
1064 635 1123 694 nse,
1145 619 1207 682 iiiii
1218 625 1330 702 lornei,

293 733 326 784 et
345 722 471 782 auribus
493 725 646 807 percipite
666 731 763 792 verbe
783 726 859 794 ntes.
901 733 952 794 Ex
973 753 1036 814 quo
1057 717 1256 804 aedificatum
1279 755 1329 808 est

291 840 442 932 templum
460 839 520 902 hoc
539 865 556 904 a
575 847 753 925 Salomone,
786 849 916 914 inerunt
935 853 969 913 in
992 873 1029 914 eo
1051 874 1160 937 regum
1184 861 1325 942 virgines

291 957 375 1018 filine
395 967 427 1020 et
445 961 666 1042 prophetarum
688 978 721 1031 ot
741 963 933 1034 summorum
954 972 1146 1036 sacerdotum
1165 987 1198 1038 et
1212 982 1323 1061 ponti-

292 1075 404 1149 ficum,
425 1087 458 1137 et
475 1099 600 1162 magnae
623 1109 658 1148 ac
677 1088 832 1151 mirabiles
849 1093 1053 1154 exstiterunt:
1073 1102 1176 1155 umen
1191 1101 1325 1161 venien-

293 1202 339 1255 tes
359 1195 398 1255 nd
418 1195 583 1276 legitimam
603 1215 732 1268 oetatem
758 1211 842 1271 viros
865 1213 900 1271 in
923 1211 1067 1295 conjugio
1088 1225 1162 1276 sunt
1184 1215 1323 1298 adeptae,

293 1321 325 1372 et
339 1323 461 1375 secutae
474 1319 613 1396 priorum
630 1345 754 1387 suerum
764 1329 905 1391 ‘ordinem
920 1332 977 1392 deo
991 1331 1187 1412 placuerunt.
1229 1337 1323 1400 Nunc

293 1450 370 1491 vero
391 1434 473 1510 opud
493 1438 622 1502 Mariam
643 1447 841 1509 novusordo
859 1450 1002 1529 placendi
1026 1449 1152 1511 domino
1173 1451 1322 1544 intentus
1384 1449 1385 1508 Ϊ

294 1558 358 1623 est,
381 1571 457 1628 quae
478 1559 637 1652 promittit
650 1583 684 1621 se
698 1562 755 1625 deo
770 1566 803 1626 iu
825 1569 1002 1648 virginitate
1020 1587 1214 1648 permaneret
1236 1575 1323 1636 unde
1384 1551 1385 1564 ἵ

293 1663 420 1728 videtur
446 1673 538 1750 mihi,
575 1687 611 1737 ut
639 1699 679 1739 ex
706 1685 946 1760 interrogatione
973 1697 1079 1746 nostra
1109 1697 1141 1746 et
1161 1692 1323 1769 responsis

181 1781 184 1786 ’
293 1767 343 1840 dei
362 1781 514 1860 possimus
535 1808 715 1868 agnoscere,
738 1796 789 1856 cui
811 1797 920 1860 debeat
942 1801 1141 1867 custodienda
1155 1807 1323 1872 committi.

293 1899 520 1980 Tuuc'plscuit
538 1926 638 1968 sermo
653 1913 713 1971 iste
734 1919 817 1976 omui
831 1937 1000 2000 synagogae
1006 1965 1016 1996 ‚
1038 1931 1070 1981 st
1085 1922 1179 1984 mim
1191 1935 1240 1986 est
1249 1947 1321 1990 sors

293 2019 540 2082 asicerdotibus
568 2047 662 2106 super
690 2027 852 2096 duodecim
881 2037 982 2098 tribus
1009 2039 1122 2114 Israel,
1155 2051 1187 2101 et
1209 2043 1323 2107 cecidit
1384 2033 1385 2098 Ῐ

292 2152 360 2196 sors
374 2157 467 2217 snper
482 2141 596 2204 tribum
610 2145 722 2230 Iudae,
744 2152 887 2234 dixitque
898 2157 1040 2220 sacerdos
1052 2157 1086 2219 in
1098 2163 1241 2240 sequenti
1252 2163 1320 2225 die:

293 2305 498 2329 Q

292 2433 375 2490 Toni·
392 2433 416 2491 1.
431 2455 494 2510 pag.
508 2459 566 2505 nro.
585 2464 627 2518 sq.
650 2478 685 2490 -
719 2461 833 2508 temen
851 2458 1054 2528 venientes)
1077 2471 1217 2519 utentem
1231 2481 1321 2522 rene·

192 2505 196 2530 ¹
289 2529 364 2574 runt.
414 2521 588 2585 Consuetudo
606 2547 664 2590 eret
679 2539 753 2607 apud
769 2541 902 2608 suessos,
927 2543 1002 2598 iiiios
1018 2545 1051 2598 ed
1068 2555 1183 2602 aetatem
1198 2550 1319 2608 sdnltio-

289 2617 351 2658 rent
366 2616 553 2674 pervenientes
569 2625 671 2689 nuptui
686 2625 806 2691 trudere,
822 2644 987 2699 versumque
1002 2635 1185 2701 ignominiae,
1202 2639 1280 2706 quod
1293 2652 1320 2696 et

290 2685 444 2755 Apostolus
464 2699 550 2754 scor·
563 2705 636 2762 vit.
654 2705 697 2760 56.
713 2709 830 2775 iudicet,
846 2717 871 2765 si
888 2723 958 2782 quie
974 2729 1180 2786 exspectarent,
1197 2721 1263 2777 dnsn
1275 2741 1319 2778 es-

290 2787 351 2829 sent
367 2772 530 2849 dertosanus.
564 2789 600 2841 Et
617 2790 722 2846 obtinet
736 2793 825 2848 adiano
841 2797 914 2864 apud
932 2799 1004 2854 hono
1019 2815 1127 2870 gentem
1145 2806 1237 2860 eadem
1253 2815 1317 2878 opt·
1384 2845 1385 2896 p

290 2859 349 2909 nio.
365 2887 399 2898 -
432 2869 528 2933 apud
543 2873 708 2940 Mariam)
729 2879 819 2932 ssola
836 2881 932 2936 Mario.
1006 2887 1113 2956 Nempe
1127 2889 1216 2944 Meris
1228 2909 1317 2949 vove·
1384 2907 1385 2922 ¹

289 2951 331 2992 ret
354 2941 406 2995 deo
430 2951 622 3018 virginitstem.
657 2959 722 3014 Vii.
742 2979 800 3032 cap.
820 2963 883 3018 vll.
908 2977 937 3020 et
959 2969 1012 3022 Et·
1028 2971 1072 3038 ¹de
1093 2979 1178 3029 nstir·
1209 2977 1318 3036 Metine

290 3039 352 3089 csp.
376 3027 440 3085 Vii.
456 3102 459 3110 1
477 3033 589 3090 Dicitur
610 3057 702 3120 sutem
727 3051 814 3114 prims
839 3049 941 3116 inisse,
967 3071 1037 3124 quse
1056 3059 1193 3125 ejusmodi
1216 3075 1317 3121 votum
1384 3113 1385 3120 ,

289 3113 454 3180 conciperet.
494 3119 574 3177 Cous.
593 3124 744 3183 Beronium
760 3135 790 3184 in
808 3130 951 3202 Apperstu
971 3139 1005 3192 ad
1020 3141 1142 3198 Annales
1164 3162 1242 3201 nutu.
1263 3151 1317 3218 57,

286 3190 466 3254 Benedictum
483 3203 565 3260 XiV.
590 3213 620 3262 in
637 3211 789 3271 Comment.
809 3219 844 3273 de
864 3219 939 3276 iestis
957 3223 991 3278 Ρ.
1005 3227 1057 3281 tv.
1079 3244 1110 3295 p.
1129 3245 1169 3283 ια.
1188 3247 1249 3303 sqq.
1271 3237 1315 3290 ed.

286 3275 415 3348 Mogunt.
437 3297 465 3340 et
485 3295 631 3359 scriptores
655 3297 690 3351 sd
713 3297 763 3353 Er·
786 3301 820 3357 de
833 3310 922 3361 nstin
947 3309 1051 3367 Marino
1074 3316 1200 3384 cap.V1.
1218 3319 1314 3374 ham-

288 3375 340 3417 tos.
358 3390 393 3407 ··-
427 3377 466 3422 ei
488 3369 795 3458 interrogatione
822 3399 947 3445 nostra
972 3405 1007 3446 et
1027 3401 1214 3468 responsis
1237 3403 1313 3473 des')

284 3464 335 3516 per
350 3453 594 3525 interrogationem
608 3478 728 3522 nostrum
745 3480 773 3524 et
788 3479 993 3543 responsionem
1009 3480 1064 3535 dei.
1080 3507 1114 3524 ·-
1148 3483 1315 3558 dixitque

285 3539 419 3589 sacerd
425 3540 476 3608 os}
500 3545 555 3601 Hic
578 3551 689 3606 ulterius
711 3556 815 3613 ceditis
835 3565 999 3630 sntptnram
1014 3567 1045 3620 in
1060 3577 1141 3622 textu
1156 3579 1314 3639 purumne.

261 3617 318 3708 'Iu
335 3621 385 3676 illo
401 3630 490 3692 enim,
515 3634 596 3700 eujus
612 3640 754 3708 exemplar
778 3647 853 3714 typis
875 3647 1042 3706 reddendum
1058 3670 1202 3723 curemus,
1224 3667 1313 3716 ontio
1384 3641 1385 3660 E

283 3713 325 3756 est
339 3709 411 3762 ndo
427 3711 572 3773 ochseieus
588 3719 673 3778 haee:
691 3725 817 3787 dicentes,
837 3735 1072 3801 assequendis,
1088 3739 1240 3811 quicunque
1256 3747 1313 3800 sine
1384 3759 1385 3762 ’

282 3805 365 3840 uxore
378 3806 463 3862 esset,
480 3802 634 3860 veuiutetc.
697 3811 825 3868 Nmsiio
842 3815 876 3869 tie
890 3819 991 3883 modo,
1009 3837 1066 3890 quo
1082 3821 1171 3880 Meua
1187 3827 1312 3900 ‚Iosepho
1384 3829 1385 3880 ἶ

281 3873 377 3933 tradita
391 3881 437 3934 vel
452 3882 614 3954 desponsam
626 3895 672 3956 sit,
687 3909 750 3950 non
763 3899 857 3954 endem
873 3915 914 3956 est
930 3905 1005 3972 opud
1020 3911 1197 3979 apocryphos
1214 3928 1312 3970 aucto-

281 3973 335 4012 res·
368 3958 603 4034 Simpliousunem
619 3979 733 4034 exhibet
755 3997 851 4064 auctor
867 3985 931 4042 hist.
947 3989 1063 4061 tmeplu
1079 3992 1163 4052 Areb-
1179 4015 1242 4068 esp.
1251 4003 1311 4065 111„

280 4045 331 4110 qut
346 4062 363 4100 e
378 4046 523 4112 duodecin
543 4061 653 4122 smirna
669 4065 704 4121 de
722 4065 891 4128 trihu‘iads
912 4074 1067 4146 Jossphum
1089 4092 1165 4140 eorus
1194 4085 1312 4143 elsam
1384 4073 1385 4148 i
