2798 4776
671 292 923 386 nesse-o·

271 499 428 564 insertum
446 509 511 566 esc,
535 489 685 578 ,Terens
705 491 784 562 cdltl
803 487 1083 572 unumffuruut,
1115 511 1176 561 neo
1196 495 1330 568 verosi-

270 595 353 664 nn'le
378 611 428 664 est
457 599 691 682 mmusuiptos
719 607 869 674 exuare,
900 598 957 682 qui
984 595 1026 660 eh
1054 587 1107 662 his
1138 595 1328 663 discedant.

276 679 372 768 Solis
391 697 578 777 Fabricius,
604 699 660 782 qui
685 697 736 760 ed.
756 693 911 763 Martiau.
933 717 1013 762 usus
1038 711 1106 776 est,
1134 709 1259 770 mamus
1280 695 1333 764 ii-

276 797 357 870 belli
377 813 410 865 at
430 793 637 886 epistolarum
662 799 694 860 ei
716 795 934 881 praefixerunt
956 796 1079 884 aliquot
1104 795 1187 865 loeis
1209 819 1335 867 emen-

276 905 366 970 davit
392 904 539 988 uotisque
567 898 750 968 illustravit.
798 897 870 966 Nos
899 911 1023 967 texnrm
1050 921 1072 966 a
1095 899 1245 968 Fabricio
1272 923 1337 966 re-

278 1005 442 1090 cognitum
464 999 655 1066 exhibemus
675 1013 710 1064 et
730 998 900 1088 pleresque
921 1003 1067 1086 ejusdem
1089 1004 1338 1080 adnotationes,

277 1107 390 1190 paucis
418 1105 569 1186 nimirum
598 1105 852 1188 praetermissis,
884 1103 999 1190 quibus
1025 1125 1079 1168 res
1106 1107 1339 1174 tractabantur

278 1205 358 1272 alibi
378 1209 412 1286 in
435 1205 498 1270 hoe
519 1226 616 1291 opere
637 1202 765 1291 plenius
788 1217 822 1270 et
838 1209 1018 1284 accuratius
1041 1229 1061 1270 u
1078 1207 1171 1273 nohis
1195 1213 1339 1296 exposi-

279 1322 343 1374 tae.
384 1307 476 1374 Alias
489 1306 656 1392 ,quasdam
672 1328 693 1371 a
714 1307 811 1375 nohis
832 1291 976 1391 adientes
997 1312 1149 1394 reperies.
1179 1309 1339 1384 illarum

275 1428 357 1488 ,vero
385 1406 591 1496 epistolarum
621 1407 701 1484 haec
730 1421 806 1474 suut
839 1406 1057 1495 exemplaria:
1098 1412 1338 1490 Dilectissimo

270 1511 389 1594 scum
409 1511 609 1604 Hieronymo
626 1509 822 1596 presbytero
847 1511 1053 1579 Chromatius
1074 1522 1108 1578 et
1125 1513 1338 1580 Heliodorus

280 1621 430 1701 episcopt·
450 1615 588 1680 tulmen
606 1619 643 1680 ἐκ
659 1611 812 1678 Domino.
834 1651 878 1664 --
899 1611 1016 1678 Ortum
1036 1612 1161 1689 Mariae
1183 1612 1340 1702 Reginae

278 1713 449 1802 Virginis,
482 1709 580 1780 simul
608 1713 644 1777 et
662 1717 863 1780 nativitatem
890 1729 986 1803 atque
1008 1715 1178 1783 infantiam
1198 1717 1341 1780 domini

191 1824 194 1844 ¹
279 1820 383 1884 nostri
405 1817 485 1882 lesu
511 1813 633 1880 Christi
661 1818 696 1882 in
724 1817 916 1904 apocryphis
944 1820 1128 1882 invenimus
1152 1816 1262 1894 libris3
1295 1821 1339 1882 iu

279 1919 398 2006 quibus
419 1916 520 1984 multa
541 1919 704 1982 contraria
732 1932 861 1984 uestrae
883 1917 961 1982 fidei
984 1921 1225 1985 considerantes
1249 1923 1340 1987 scri-

279 2033 353 2108 pta,
379 2020 557 2086 recusanda
578 2021 772 2096 credidimus
793 2022 962 2100 universa,
983 2041 1025 2086 ne
1046 2042 1105 2108 per
1127 2023 1342 2088 occasionem

281 2119 404 2188 Christi
425 2119 580 2189 laetitiam
603 2119 795 2188 antichristo
814 2123 1023 2188 traderemus.
1066 2121 1132 2186 Ista
1151 2125 1250 2208 igitur
1273 2146 1343 2188 no-

280 2221 333 2290 his
347 2221 636 2302 considerantibus,
659 2225 850 2287 exstiterunt
870 2225 933 2291 viri
953 2223 1006 2288 dei
1023 2217 1197 2296 Armenius
1220 2237 1253 2288 et
1269 2223 1342 2290 Vi-

280 2329 387 2406 rinus,
412 2327 467 2414 qui
484 2325 627 2390 dicerent
647 2325 850 2406 sanctitatem
868 2338 954 2412 tuam
973 2324 1154 2402 beatissimi
1168 2325 1342 2395 Matthaei

283 2425 499 2514 evangelistae
529 2449 626 2494 runnu
654 2427 809 2511 scripturn
839 2424 988 2492 volumen
1011 2425 1209 2493 Ilebruicnm
1236 2429 1341 2492 inve·

282 2531 389 2608 nisse,
418 2531 453 2594 in
476 2553 538 2617 qno
560 2543 593 2594 et
614 2527 762 2615 Virginis
791 2531 902 2596 metris
932 2543 965 2594 et
985 2526 1162 2596 Solvetons
1188 2529 1350 2596 infautia·

281 2644 366 2696 esset
387 2634 521 2718 scripta3
551 2632 724 2696 etidcirco
745 2643 833 2696 tuam
855 2631 1040 2698 charitatem
1062 2632 1250 2716 peripsum
1272 2632 1339 2696 do-

279 2735 403 2798 minum
433 2744 580 2798 nostrum
609 2731 720 2798 lesum
743 2730 909 2802 Christum
935 2735 1134 2819 expetimus,
1172 2745 1338 2816 quruteuus

280 2847 315 2898 et
333 2833 415 2900 illud
436 2855 479 2898 ex
500 2833 652 2899 Hebraeo
666 2835 792 2900 Latinis
815 2835 948 2900 auribus
969 2837 1094 2914 tradas,
1118 2853 1181 2897 non
1203 2841 1337 2900 tautum

163 2942 166 2954 ⁴
281 2935 321 2998 ad
340 2935 580 3020 percipiendum
596 2955 677 3020 qnae
699 2930 910 3000 sunt'Christi
931 2939 1089 3026 insignia,
1113 2949 1265 3021 quantum
1287 2939 1336 3001 ad

280 3033 516 3104 baereticorum
545 3037 694 3123 astutiam
721 3033 972 3118 excludendam,
1007 3041 1062 3124 qui
1088 3051 1123 3102 ut
1148 3039 1335 3105 domham

281 3121 400 3205 melana
414 3139 639 3215 instituerent,
658 3135 776 3202 bonam
792 3135 916 3204 Christi
937 3141 1140 3206 nativitatem
1160 3160 1220 3204 suo
1235 3160 1337 3204 men-

281 3238 376 3304 dacio
398 3240 605 3315 miscuerunt,
629 3251 666 3302 ut
685 3252 760 3325 post
781 3238 982 3306 dulcedinem
1002 3244 1086 3306 vitae
1109 3243 1220 3306 mortis
1242 3261 1337 3306 arua-

282 3339 456 3406 ritudiuem
490 3337 697 3416 occultarent.
748 3341 821 3408 Erit
856 3363 935 3431 ergo
963 3347 1155 3432 purissimae
1187 3345 1334 3431 pietatis,

284 3561 371 3614 detur.
404 3561 436 3616 iu
456 3561 498 3616 his
522 3561 596 3616 enim
611 3561 740 3618 Romanis
760 3563 923 3622 editionibus
941 3581 1003 3634 pers
1021 3550 1157 3636 qmelihet
1182 3565 1212 3618 in
1227 3565 1338 3620 sectio-

282 3662 349 3714 nes,
376 3663 445 3716 quea
470 3659 593 3702 tronum
618 3659 767 3717 vocentur,
795 3651 883 3708 divisa
909 3659 959 3706 est.
1001 3652 1091 3724 Quare
1117 3650 1224 3706 scribit:
1258 3654 1336 3720 They

285 3737 331 3784 or'e
346 3741 373 3784 lo
392 3736 422 3786 be
435 3731 520 3796 found
539 3739 564 3787 iu
581 3735 702 3790 Jerome's
718 3739 815 3803 weris,
836 3743 899 3790 Pur.
912 3741 950 3789 II.
970 3741 1057 3792 Trocl-
1069 3742 1110 3792 II·
1130 3741 1202 3806 epist.
1214 3740 1334 3792 XXIV.

255 3813 258 3824 ’
282 3821 355 3886 episi·
373 3819 469 3873 XXV.
492 3823 562 3888 episi.
587 3825 698 3876 XXVI.
715 3820 765 3886 sol.
791 3825 960 3877 XXXVIII.
983 3825 1035 3876 auti
1057 3826 1196 3880 XXXIX·
1237 3824 1335 3888 ΗΜ

281 3905 324 3956 the
341 3908 390 3956 lust
403 3901 444 3968 'os
455 3905 522 3959 these
537 3907 637 3975 epistici
654 3911 680 3960 iu
697 3909 801 3962 mother
817 3914 892 3977 ploce
912 3906 945 3973 os
956 3907 1078 3963 Jerom'e
1088 3913 1183 3971 moris,
1200 3909 1252 3962 cis.
1266 3915 1335 3963 Pur.

282 3993 320 4046 Π.
343 3994 431 4045 iicet.
451 3995 502 4046 VI.
522 3993 594 4060 epist.
613 3996 763 4048 LXXXH.
781 3992 833 4058 sul.
852 3997 932 4050 CXL.
972 3995 1058 4052 uotis
1084 3993 1159 4052 nuile
1180 3993 1333 4050 editionum

282 4074 401 4146 merum,
422 4073 662 4148 messetheines
682 4087 759 4148 eunt,
778 4081 812 4134 sd
830 4093 937 4134 menum
955 4089 1004 4136 est.
